4670735,0.34030000,151.50000000,51.55545000,1650499200773,False,True
4670736,0.34040000,1094.10000000,372.43164000,1650499201329,False,True
4670737,0.34050000,144.00000000,49.03200000,1650499201329,False,True
4670738,0.34080000,110.10000000,37.52208000,1650499201434,True,True
4670739,0.34080000,128.00000000,43.62240000,1650499201436,True,True
4670740,0.34120000,319.90000000,109.14988000,1650499201512,False,True
4670741,0.34130000,1033.00000000,352.56290000,1650499201512,False,True
4670742,0.34160000,54.70000000,18.68552000,1650499201512,False,True
4670743,0.34160000,1382.40000000,472.22784000,1650499201512,False,True
4670744,0.34170000,127.30000000,43.49841000,1650499201580,False,True
4670745,0.34170000,81.00000000,27.67770000,1650499201580,False,True
4670746,0.34170000,143.80000000,49.13646000,1650499201580,False,True
4670747,0.34190000,83.20000000,28.44608000,1650499201580,False,True
4670748,0.34200000,135.00000000,46.17000000,1650499201580,False,True
4670749,0.34200000,48.50000000,16.58700000,1650499201580,False,True
4670750,0.34200000,48.50000000,16.58700000,1650499201580,False,True
4670751,0.34200000,48.50000000,16.58700000,1650499201580,False,True
4670752,0.34200000,48.50000000,16.58700000,1650499201580,False,True
4670753,0.34200000,48.50000000,16.58700000,1650499201580,False,True
4670754,0.34200000,48.50000000,16.58700000,1650499201580,False,True
4670755,0.34200000,48.50000000,16.58700000,1650499201580,False,True
4670756,0.34200000,48.50000000,16.58700000,1650499201580,False,True
4670757,0.34200000,48.50000000,16.58700000,1650499201580,False,True
4670758,0.34200000,47.70000000,16.31340000,1650499201580,False,True
4670759,0.34210000,132.20000000,45.22562000,1650499201580,False,True
4670760,0.34220000,13.30000000,4.55126000,1650499201580,False,True
4670761,0.34220000,181.80000000,62.21196000,1650499201711,False,True
4670762,0.34220000,143.80000000,49.20836000,1650499201711,False,True
4670763,0.34230000,114.40000000,39.15912000,1650499201711,False,True
4670764,0.34100000,240.10000000,81.87410000,1650499201728,True,True
4670765,0.34090000,2135.90000000,728.12831000,1650499201728,True,True
4670766,0.34120000,240.00000000,81.88800000,1650499201843,True,True
4670767,0.34140000,240.00000000,81.93600000,1650499201974,True,True
4670768,0.34150000,1678.00000000,573.03700000,1650499202039,True,True
4670769,0.34150000,693.00000000,236.65950000,1650499202088,True,True
4670770,0.34130000,63.00000000,21.50190000,1650499203241,True,True
4670771,0.34130000,3.10000000,1.05803000,1650499204328,True,True
4670772,0.34130000,64.20000000,21.91146000,1650499204328,True,True
4670773,0.34130000,62.20000000,21.22886000,1650499204328,True,True
4670774,0.34140000,64.20000000,21.91788000,1650499204958,False,True
4670775,0.34140000,62.20000000,21.23508000,1650499204958,False,True
4670776,0.34140000,66.10000000,22.56654000,1650499204958,False,True
4670777,0.34150000,1867.50000000,637.75125000,1650499204958,False,True
4670778,0.34100000,157.80000000,53.80980000,1650499205261,True,True
4670779,0.34180000,2677.90000000,915.30622000,1650499205493,False,True
4670780,0.34190000,240.10000000,82.09019000,1650499205493,False,True
4670781,0.34190000,157.80000000,53.95182000,1650499205493,False,True
4670782,0.34210000,47.60000000,16.28396000,1650499205493,False,True
4670783,0.34210000,368.20000000,125.96122000,1650499205493,False,True
4670784,0.34210000,47.60000000,16.28396000,1650499205493,False,True
4670785,0.34210000,47.60000000,16.28396000,1650499205493,False,True
4670786,0.34210000,47.60000000,16.28396000,1650499205493,False,True
4670787,0.34210000,47.60000000,16.28396000,1650499205493,False,True
4670788,0.34210000,47.60000000,16.28396000,1650499205493,False,True
4670789,0.34210000,47.60000000,16.28396000,1650499205493,False,True
4670790,0.34210000,47.60000000,16.28396000,1650499205493,False,True
4670791,0.34210000,47.60000000,16.28396000,1650499205493,False,True
4670792,0.34210000,46.60000000,15.94186000,1650499205493,False,True
4670793,0.34230000,131.00000000,44.84130000,1650499205493,False,True
4670794,0.34170000,64.00000000,21.86880000,1650499205683,True,True
4670795,0.34160000,176.00000000,60.12160000,1650499205683,True,True
4670796,0.34150000,330.00000000,112.69500000,1650499205749,True,True
4670797,0.34150000,626.00000000,213.77900000,1650499205922,True,True
4670798,0.34160000,62.20000000,21.24752000,1650499205986,True,True
4670799,0.34150000,1745.90000000,596.22485000,1650499206001,True,True
4670800,0.34220000,64.00000000,21.90080000,1650499206051,False,True
4670801,0.34220000,626.00000000,214.21720000,1650499206051,False,True
4670802,0.34240000,348.90000000,119.46336000,1650499206051,False,True
4670803,0.34260000,50.00000000,17.13000000,1650499206051,False,True
4670804,0.34280000,317.70000000,108.90756000,1650499206051,False,True
4670805,0.34190000,365.20000000,124.86188000,1650499206472,True,True
4670806,0.34180000,8.80000000,3.00784000,1650499206472,True,True
4670807,0.34190000,63.90000000,21.84741000,1650499206530,True,True
4670808,0.34190000,1599.10000000,546.73229000,1650499206530,True,True
4670809,0.34290000,63.90000000,21.91131000,1650499206613,False,True
4670810,0.34290000,426.10000000,146.10969000,1650499206613,False,True
4670811,0.34280000,62.20000000,21.32216000,1650499206722,False,True
4670812,0.34290000,2918.90000000,1000.89081000,1650499206722,False,True
4670813,0.34300000,358.90000000,123.10270000,1650499206722,False,True
4670814,0.34220000,339.00000000,116.00580000,1650499206774,True,True
4670815,0.34220000,1579.00000000,540.33380000,1650499206774,True,True
4670816,0.34230000,62.00000000,21.22260000,1650499206802,True,True
4670817,0.34230000,63.00000000,21.56490000,1650499206802,True,True
4670818,0.34290000,63.00000000,21.60270000,1650499206996,False,True
4670819,0.34300000,6.30000000,2.16090000,1650499206996,False,True
4670820,0.34300000,170.70000000,58.55010000,1650499206996,False,True
4670821,0.34250000,240.10000000,82.23425000,1650499207048,True,True
4670822,0.34280000,47.50000000,16.28300000,1650499207056,False,True
4670823,0.34280000,47.50000000,16.28300000,1650499207056,False,True
4670824,0.34280000,47.50000000,16.28300000,1650499207056,False,True
4670825,0.34280000,47.50000000,16.28300000,1650499207056,False,True
4670826,0.34280000,47.50000000,16.28300000,1650499207056,False,True
4670827,0.34280000,47.50000000,16.28300000,1650499207056,False,True
4670828,0.34280000,35.00000000,11.99800000,1650499207056,False,True
4670829,0.34280000,12.50000000,4.28500000,1650499207065,False,True
4670830,0.34280000,47.50000000,16.28300000,1650499207065,False,True
4670831,0.34280000,47.50000000,16.28300000,1650499207065,False,True
4670832,0.34280000,46.60000000,15.97448000,1650499207065,False,True
4670833,0.34310000,240.10000000,82.37831000,1650499207065,False,True
4670834,0.34320000,165.80000000,56.90256000,1650499207065,False,True
4670835,0.34330000,240.10000000,82.42633000,1650499207115,False,True
4670836,0.34340000,126.70000000,43.50878000,1650499207115,False,True
4670837,0.34340000,80.60000000,27.67804000,1650499207115,False,True
4670838,0.34350000,49.00000000,16.83150000,1650499207115,False,True
4670839,0.34360000,43.60000000,14.98096000,1650499207115,False,True
4670840,0.34350000,62.00000000,21.29700000,1650499207663,False,True
4670841,0.34360000,39.20000000,13.46912000,1650499207663,False,True
4670842,0.34370000,134.30000000,46.15891000,1650499207663,False,True
4670843,0.34380000,124.50000000,42.80310000,1650499207663,False,True
4670844,0.34380000,7.00000000,2.40660000,1650499207813,False,True
4670845,0.34390000,107.80000000,37.07242000,1650499207813,False,True
4670846,0.34390000,107.80000000,37.07242000,1650499207813,False,True
4670847,0.34390000,107.80000000,37.07242000,1650499207813,False,True
4670848,0.34390000,107.80000000,37.07242000,1650499207813,False,True
4670849,0.34390000,107.80000000,37.07242000,1650499207813,False,True
4670850,0.34390000,107.80000000,37.07242000,1650499207813,False,True
4670851,0.34390000,107.80000000,37.07242000,1650499207813,False,True
4670852,0.34390000,107.80000000,37.07242000,1650499207813,False,True
4670853,0.34390000,70.60000000,24.27934000,1650499207813,False,True
4670854,0.34280000,346.40000000,118.74592000,1650499207854,True,True
4670855,0.34270000,1688.60000000,578.68322000,1650499207854,True,True
4670856,0.34280000,81.00000000,27.76680000,1650499207912,True,True
4670857,0.34300000,240.00000000,82.32000000,1650499208070,True,True
4670858,0.34300000,0.10000000,0.03430000,1650499208229,True,True
4670859,0.34300000,240.10000000,82.35430000,1650499208256,True,True
4670860,0.34290000,76.90000000,26.36901000,1650499208256,True,True
4670861,0.34270000,240.00000000,82.24800000,1650499208287,True,True
4670862,0.34290000,1208.00000000,414.22320000,1650499208502,True,True
4670863,0.34290000,204.10000000,69.98589000,1650499208511,True,True
4670864,0.34370000,81.00000000,27.83970000,1650499208525,False,True
4670865,0.34380000,1928.60000000,663.05268000,1650499208535,False,True
4670866,0.34390000,37.20000000,12.79308000,1650499208535,False,True
4670867,0.34390000,49.60000000,17.05744000,1650499208535,False,True
4670868,0.34400000,24.60000000,8.46240000,1650499208535,False,True
4670869,0.34400000,920.60000000,316.68640000,1650499208546,False,True
4670870,0.34400000,339.60000000,116.82240000,1650499208546,False,True
4670871,0.34400000,2590.20000000,891.02880000,1650499208546,False,True
4670872,0.34310000,390.00000000,133.80900000,1650499208603,True,True
4670873,0.34310000,0.90000000,0.30879000,1650499208678,True,True
4670874,0.34310000,61.20000000,20.99772000,1650499208678,True,True
4670875,0.34310000,40.50000000,13.89555000,1650499208703,True,True
4670876,0.34310000,1425.50000000,489.08905000,1650499208703,True,True
4670877,0.34420000,1412.10000000,486.04482000,1650499208747,False,True
4670878,0.34430000,88.00000000,30.29840000,1650499208747,False,True
4670879,0.34430000,79.90000000,27.50957000,1650499208747,False,True
4670880,0.34360000,216.10000000,74.25196000,1650499208817,False,True
4670881,0.34340000,1579.00000000,542.22860000,1650499208875,True,True
4670882,0.34350000,617.00000000,211.93950000,1650499208929,True,True
4670883,0.34410000,1463.90000000,503.72799000,1650499209014,False,True
4670884,0.34420000,1425.50000000,490.65710000,1650499209014,False,True
4670885,0.34430000,8.10000000,2.78883000,1650499209014,False,True
4670886,0.34440000,2726.30000000,938.93772000,1650499209014,False,True
4670887,0.34440000,311.90000000,107.41836000,1650499209014,False,True
4670888,0.34470000,94.30000000,32.50521000,1650499209014,False,True
4670889,0.34370000,88.50000000,30.41745000,1650499209126,True,True
4670890,0.34370000,381.20000000,131.01844000,1650499209216,True,True
4670891,0.34370000,434.80000000,149.44076000,1650499209216,True,True
4670892,0.34370000,0.80000000,0.27496000,1650499209238,True,True
4670893,0.34360000,79.10000000,27.17876000,1650499209238,True,True
4670894,0.34360000,33.10000000,11.37316000,1650499209258,True,True
4670895,0.34450000,617.00000000,212.55650000,1650499209419,False,True
4670896,0.34460000,434.80000000,149.83208000,1650499209419,False,True
4670897,0.34480000,390.00000000,134.47200000,1650499209419,False,True
4670898,0.34500000,381.80000000,131.72100000,1650499209419,False,True
4670899,0.34500000,147.20000000,50.78400000,1650499209419,False,True
4670900,0.34500000,381.20000000,131.51400000,1650499209419,False,True
4670901,0.34510000,80.20000000,27.67702000,1650499209419,False,True
4670902,0.34520000,32.30000000,11.14996000,1650499209419,False,True
4670903,0.34530000,126.00000000,43.50780000,1650499209419,False,True
4670904,0.34530000,342.30000000,118.19619000,1650499209419,False,True
4670905,0.34540000,82.40000000,28.46096000,1650499209419,False,True
4670906,0.34540000,84.80000000,29.28992000,1650499209419,False,True
4670907,0.34430000,47.20000000,16.25096000,1650499209815,False,True
4670908,0.34430000,47.20000000,16.25096000,1650499209815,False,True
4670909,0.34430000,47.20000000,16.25096000,1650499209815,False,True
4670910,0.34430000,47.20000000,16.25096000,1650499209815,False,True
4670911,0.34430000,47.20000000,16.25096000,1650499209815,False,True
4670912,0.34430000,47.20000000,16.25096000,1650499209815,False,True
4670913,0.34430000,47.20000000,16.25096000,1650499209815,False,True
4670914,0.34430000,47.20000000,16.25096000,1650499209815,False,True
4670915,0.34430000,47.20000000,16.25096000,1650499209815,False,True
4670916,0.34430000,47.20000000,16.25096000,1650499209815,False,True
4670917,0.34540000,4.60000000,1.58884000,1650499209815,False,True
4670918,0.34550000,133.60000000,46.15880000,1650499209815,False,True
4670919,0.34560000,35.70000000,12.33792000,1650499209815,False,True
4670920,0.34570000,1324.10000000,457.74137000,1650499209815,False,True
4670921,0.34380000,343.00000000,117.92340000,1650499209909,True,True
4670922,0.34390000,318.00000000,109.36020000,1650499209963,True,True
4670923,0.34570000,152.80000000,52.82296000,1650499209978,False,True
4670924,0.34600000,98.40000000,34.04640000,1650499209989,True,True
4670925,0.34410000,98.30000000,33.82503000,1650499210010,False,True
4670926,0.34410000,49.90000000,17.17059000,1650499210023,True,True
4670927,0.34630000,49.90000000,17.28037000,1650499210199,False,True
4670928,0.34640000,101.70000000,35.22888000,1650499210199,False,True
4670929,0.34650000,372.10000000,128.93265000,1650499210199,False,True
4670930,0.34660000,49.00000000,16.98340000,1650499210199,False,True
4670931,0.34680000,150.20000000,52.08936000,1650499210199,False,True
4670932,0.34690000,79.80000000,27.68262000,1650499210199,False,True
4670933,0.34700000,32.50000000,11.27750000,1650499210199,False,True
4670934,0.34710000,82.00000000,28.46220000,1650499210199,False,True
4670935,0.34710000,125.30000000,43.49163000,1650499210199,False,True
4670936,0.34710000,143.80000000,49.91298000,1650499210199,False,True
4670937,0.34720000,133.00000000,46.17760000,1650499210199,False,True
4670938,0.34730000,130.30000000,45.25319000,1650499210199,False,True
4670939,0.34730000,90.60000000,31.46538000,1650499210199,False,True
4670940,0.34750000,390.10000000,135.55975000,1650499210199,False,True
4670941,0.34550000,44.60000000,15.40930000,1650499210521,True,True
4670942,0.34550000,1535.30000000,530.44615000,1650499210543,True,True
4670943,0.34540000,43.70000000,15.09398000,1650499210543,True,True
4670944,0.34540000,78.60000000,27.14844000,1650499210673,True,True
4670945,0.34540000,130.00000000,44.90200000,1650499210673,True,True
4670946,0.34540000,126.90000000,43.83126000,1650499210673,True,True
4670947,0.34730000,1579.90000000,548.69927000,1650499210681,False,True
4670948,0.34740000,240.10000000,83.41074000,1650499210681,False,True
4670949,0.34770000,1490.00000000,518.07300000,1650499210681,False,True
4670950,0.34550000,366.50000000,126.62575000,1650499210685,True,True
4670951,0.34560000,1579.90000000,546.01344000,1650499210689,True,True
4670952,0.34550000,31.00000000,10.71050000,1650499210689,True,True
4670953,0.34580000,349.70000000,120.92626000,1650499210870,True,True
4670954,0.34580000,396.80000000,137.21344000,1650499210896,True,True
4670955,0.34550000,113.00000000,39.04150000,1650499210949,True,True
4670956,0.34550000,1353.90000000,467.77245000,1650499210961,True,True
4670957,0.34560000,336.10000000,116.15616000,1650499210997,True,True
4670958,0.34560000,47.20000000,16.31232000,1650499210998,True,True
4670959,0.34560000,336.10000000,116.15616000,1650499210998,True,True
4670960,0.34570000,113.00000000,39.06410000,1650499211010,True,True
4670961,0.34550000,113.00000000,39.04150000,1650499211040,True,True
4670962,0.34570000,387.00000000,133.78590000,1650499211156,True,True
4670963,0.34560000,332.50000000,114.91200000,1650499211156,True,True
4670964,0.34530000,265.60000000,91.71168000,1650499211156,True,True
4670965,0.34480000,328.80000000,113.37024000,1650499211248,True,True
4670966,0.34470000,143.80000000,49.56786000,1650499211248,True,True
4670967,0.34470000,356.40000000,122.85108000,1650499211248,True,True
4670968,0.34450000,437.50000000,150.71875000,1650499211248,True,True
4670969,0.34350000,145.30000000,49.91055000,1650499211248,True,True
4670970,0.34330000,726.90000000,249.54477000,1650499211248,True,True
4670971,0.34300000,422.30000000,144.84890000,1650499211248,True,True
4670972,0.34290000,575.40000000,197.30466000,1650499211248,True,True
4670973,0.34260000,728.40000000,249.54984000,1650499211248,True,True
4670974,0.34260000,738.20000000,252.90732000,1650499211248,True,True
4670975,0.34540000,1977.40000000,682.99396000,1650499211946,False,True
4670976,0.34540000,373.00000000,128.83420000,1650499211946,False,True
4670977,0.34550000,29.10000000,10.05405000,1650499211946,False,True
4670978,0.34550000,72.90000000,25.18695000,1650499211946,False,True
4670979,0.34550000,29.10000000,10.05405000,1650499211946,False,True
4670980,0.34550000,72.90000000,25.18695000,1650499211946,False,True
4670981,0.34550000,29.10000000,10.05405000,1650499211946,False,True
4670982,0.34550000,72.90000000,25.18695000,1650499211946,False,True
4670983,0.34550000,29.10000000,10.05405000,1650499211946,False,True
4670984,0.34550000,72.90000000,25.18695000,1650499211946,False,True
4670985,0.34550000,28.90000000,9.98495000,1650499211946,False,True
4670986,0.34550000,72.90000000,25.18695000,1650499211946,False,True
4670987,0.34550000,72.90000000,25.18695000,1650499211946,False,True
4670988,0.34550000,72.90000000,25.18695000,1650499211946,False,True
4670989,0.34550000,72.90000000,25.18695000,1650499211946,False,True
4670990,0.34550000,72.90000000,25.18695000,1650499211946,False,True
4670991,0.34550000,72.30000000,24.97965000,1650499211946,False,True
4670992,0.34590000,143.80000000,49.74042000,1650499211946,False,True
4670993,0.34620000,72.70000000,25.16874000,1650499211946,False,True
4670994,0.34620000,72.70000000,25.16874000,1650499211946,False,True
4670995,0.34620000,72.70000000,25.16874000,1650499211946,False,True
4670996,0.34620000,72.70000000,25.16874000,1650499211946,False,True
4670997,0.34620000,72.70000000,25.16874000,1650499211946,False,True
4670998,0.34620000,72.70000000,25.16874000,1650499211946,False,True
4670999,0.34620000,72.70000000,25.16874000,1650499211946,False,True
4671000,0.34620000,72.70000000,25.16874000,1650499211946,False,True
4671001,0.34620000,72.70000000,25.16874000,1650499211946,False,True
4671002,0.34620000,72.60000000,25.13412000,1650499211946,False,True
4671003,0.34660000,328.80000000,113.96208000,1650499211946,False,True
4671004,0.34660000,422.30000000,146.36918000,1650499211946,False,True
4671005,0.34670000,130.00000000,45.07100000,1650499211946,False,True
4671006,0.34670000,43.70000000,15.15079000,1650499211946,False,True
4671007,0.34670000,356.40000000,123.56388000,1650499211946,False,True
4671008,0.34680000,47.20000000,16.36896000,1650499211946,False,True
4671009,0.34680000,336.90000000,116.83692000,1650499211946,False,True
4671010,0.34680000,149.90000000,51.98532000,1650499211946,False,True
4671011,0.34660000,35.00000000,12.13100000,1650499212128,False,True
4671012,0.34650000,126.90000000,43.97085000,1650499212412,False,True
4671013,0.34660000,240.10000000,83.21866000,1650499212412,False,True
4671014,0.34670000,317.30000000,110.00791000,1650499212412,False,True
4671015,0.34680000,328.20000000,113.81976000,1650499212412,False,True
4671016,0.34680000,437.50000000,151.72500000,1650499212412,False,True
4671017,0.34700000,143.80000000,49.89860000,1650499212412,False,True
4671018,0.34710000,336.10000000,116.66031000,1650499212412,False,True
4671019,0.34710000,387.00000000,134.32770000,1650499212412,False,True
4671020,0.34770000,1632.30000000,567.55071000,1650499212412,False,True
4671021,0.34770000,396.80000000,137.96736000,1650499212412,False,True
4671022,0.34800000,117.30000000,40.82040000,1650499212412,False,True
4671023,0.34800000,58.60000000,20.39280000,1650499212412,False,True
4671024,0.34800000,57.40000000,19.97520000,1650499212412,False,True
4671025,0.34860000,40.70000000,14.18802000,1650499212412,False,True
4671026,0.34860000,38.70000000,13.49082000,1650499212423,False,True
4671027,0.34860000,121.90000000,42.49434000,1650499212423,False,True
4671028,0.34880000,81.60000000,28.46208000,1650499212423,False,True
4671029,0.34890000,124.70000000,43.50783000,1650499212423,False,True
4671030,0.34900000,132.30000000,46.17270000,1650499212423,False,True
4671031,0.34910000,33.00000000,11.52030000,1650499212423,False,True
4671032,0.34580000,73.50000000,25.41630000,1650499212488,True,True
4671033,0.34590000,1579.90000000,546.48741000,1650499212513,True,True
4671034,0.34580000,52.00000000,17.98160000,1650499212513,True,True
4671035,0.34580000,138.10000000,47.75498000,1650499212513,True,True
4671036,0.34600000,30.00000000,10.38000000,1650499212645,True,True
4671037,0.34600000,208.60000000,72.17560000,1650499212650,True,True
4671038,0.34620000,130.60000000,45.21372000,1650499212698,True,True
4671039,0.34620000,311.10000000,107.70282000,1650499212698,True,True
4671040,0.34610000,1535.30000000,531.36733000,1650499212698,True,True
4671041,0.34610000,442.00000000,152.97620000,1650499212727,True,True
4671042,0.34720000,1535.30000000,533.05616000,1650499212736,False,True
4671043,0.34730000,134.70000000,46.78131000,1650499212736,False,True
4671044,0.34730000,176.40000000,61.26372000,1650499212751,False,True
4671045,0.34750000,43.60000000,15.15100000,1650499212751,False,True
4671046,0.34760000,46.80000000,16.26768000,1650499212751,False,True
4671047,0.34760000,46.80000000,16.26768000,1650499212751,False,True
4671048,0.34760000,46.80000000,16.26768000,1650499212751,False,True
4671049,0.34760000,46.80000000,16.26768000,1650499212751,False,True
4671050,0.34760000,46.80000000,16.26768000,1650499212751,False,True
4671051,0.34760000,34.10000000,11.85316000,1650499212751,False,True
4671052,0.34760000,12.70000000,4.41452000,1650499212767,False,True
4671053,0.34760000,24.50000000,8.51620000,1650499212767,False,True
4671054,0.34630000,69.00000000,23.89470000,1650499212812,True,True
4671055,0.34640000,1579.90000000,547.27736000,1650499212852,True,True
4671056,0.34630000,304.50000000,105.44835000,1650499212852,True,True
4671057,0.34630000,373.50000000,129.34305000,1650499212852,True,True
4671058,0.34630000,122.30000000,42.35249000,1650499212852,True,True
4671059,0.34630000,372.50000000,128.99675000,1650499212852,True,True
4671060,0.34630000,373.50000000,129.34305000,1650499212852,True,True
4671061,0.34630000,390.90000000,135.36867000,1650499212852,True,True
4671062,0.34610000,0.10000000,0.03461000,1650499212852,True,True
4671063,0.34590000,17.50000000,6.05325000,1650499212852,True,True
4671064,0.34590000,37.90000000,13.10961000,1650499212863,True,True
4671065,0.34620000,37.30000000,12.91326000,1650499213005,True,True
4671066,0.34630000,345.00000000,119.47350000,1650499213107,True,True
4671067,0.34630000,240.00000000,83.11200000,1650499213107,True,True
4671068,0.34720000,130.60000000,45.34432000,1650499213120,False,True
4671069,0.34730000,240.10000000,83.38673000,1650499213120,False,True
4671070,0.34730000,1579.90000000,548.69927000,1650499213120,False,True
4671071,0.34740000,125.50000000,43.59870000,1650499213120,False,True
4671072,0.34750000,390.90000000,135.83775000,1650499213120,False,True
4671073,0.34760000,13.00000000,4.51880000,1650499213120,False,True
4671074,0.34740000,122.30000000,42.48702000,1650499213204,False,True
4671075,0.34760000,9.30000000,3.23268000,1650499213204,False,True
4671076,0.34760000,46.80000000,16.26768000,1650499213204,False,True
4671077,0.34760000,46.80000000,16.26768000,1650499213204,False,True
4671078,0.34760000,46.30000000,16.09388000,1650499213204,False,True
4671079,0.34660000,953.30000000,330.41378000,1650499213239,True,True
4671080,0.34650000,1579.90000000,547.43535000,1650499213239,True,True
4671081,0.34640000,126.10000000,43.68104000,1650499213239,True,True
4671082,0.34640000,130.00000000,45.03200000,1650499213239,True,True
4671083,0.34630000,0.10000000,0.03463000,1650499213239,True,True
4671084,0.34630000,329.70000000,114.17511000,1650499213239,True,True
4671085,0.34620000,338.50000000,117.18870000,1650499213239,True,True
4671086,0.34610000,327.90000000,113.48619000,1650499213239,True,True
4671087,0.34590000,1635.10000000,565.58109000,1650499213239,True,True
4671088,0.34630000,44.10000000,15.27183000,1650499213458,True,True
4671089,0.34860000,43.00000000,14.98980000,1650499213678,False,True
4671090,0.34680000,44.10000000,15.29388000,1650499213898,True,True
4671091,0.34690000,347.40000000,120.51306000,1650499213954,True,True
4671092,0.34680000,125.60000000,43.55808000,1650499213954,True,True
4671093,0.34790000,43.10000000,14.99449000,1650499214135,False,True
4671094,0.34710000,43.00000000,14.92530000,1650499214337,True,True
4671095,0.34710000,122.00000000,42.34620000,1650499214337,True,True
4671096,0.34630000,87.50000000,30.30125000,1650499214516,True,True
4671097,0.34630000,43.90000000,15.20257000,1650499214585,True,True
4671098,0.34640000,43.70000000,15.13768000,1650499214804,True,True
4671099,0.34660000,29.20000000,10.12072000,1650499215287,True,True
4671100,0.34660000,210.90000000,73.09794000,1650499216119,True,True
4671101,0.34650000,639.10000000,221.44815000,1650499216119,True,True
4671102,0.34690000,34.60000000,12.00274000,1650499216699,False,True
4671103,0.34680000,240.10000000,83.26668000,1650499217005,False,True
4671104,0.34690000,34.60000000,12.00274000,1650499217340,False,True
4671105,0.34690000,238.70000000,82.80503000,1650499218066,False,True
4671106,0.34690000,645.40000000,223.88926000,1650499218151,False,True
4671107,0.34690000,444.40000000,154.16236000,1650499218601,True,True
4671108,0.34690000,44.40000000,15.40236000,1650499218682,True,True
4671109,0.34750000,34.50000000,11.98875000,1650499218692,False,True
4671110,0.34690000,34.60000000,12.00274000,1650499218736,True,True
4671111,0.34690000,121.90000000,42.28711000,1650499219431,True,True
4671112,0.34690000,240.10000000,83.29069000,1650499219431,True,True
4671113,0.34690000,240.10000000,83.29069000,1650499219652,True,True
4671114,0.34680000,498.10000000,172.74108000,1650499219652,True,True
4671115,0.34680000,283.40000000,98.28312000,1650499219752,True,True
4671116,0.34730000,650.00000000,225.74500000,1650499220449,False,True
4671117,0.34680000,435.00000000,150.85800000,1650499221609,True,True
4671118,0.34680000,90.00000000,31.21200000,1650499222815,True,True
4671119,0.34680000,1029.10000000,356.89188000,1650499222866,True,True
4671120,0.34660000,132.30000000,45.85518000,1650499222866,True,True
4671121,0.34650000,341.10000000,118.19115000,1650499222866,True,True
4671122,0.34650000,124.70000000,43.20855000,1650499222866,True,True
4671123,0.34640000,70.80000000,24.52512000,1650499222866,True,True
4671124,0.34640000,10.80000000,3.74112000,1650499223179,True,True
4671125,0.34640000,277.80000000,96.22992000,1650499223179,True,True
4671126,0.34690000,50.00000000,17.34500000,1650499223478,False,True
4671127,0.34630000,180.00000000,62.33400000,1650499223776,True,True
4671128,0.34620000,79.40000000,27.48828000,1650499223960,True,True
4671129,0.34660000,240.00000000,83.18400000,1650499224122,False,True
4671130,0.34680000,518.00000000,179.64240000,1650499224244,False,True
4671131,0.34620000,120.10000000,41.57862000,1650499224726,True,True
4671132,0.34620000,227.10000000,78.62202000,1650499224736,True,True
4671133,0.34620000,53.20000000,18.41784000,1650499224736,True,True
4671134,0.34620000,29.60000000,10.24752000,1650499225167,True,True
4671135,0.34620000,53.20000000,18.41784000,1650499225949,False,True
4671136,0.34660000,302.10000000,104.70786000,1650499227295,False,True
4671137,0.34660000,346.00000000,119.92360000,1650499227789,False,True
4671138,0.34610000,36.10000000,12.49421000,1650499228274,True,True
4671139,0.34660000,1792.00000000,621.10720000,1650499228853,False,True
4671140,0.34660000,1027.40000000,356.09684000,1650499228863,False,True
4671141,0.34670000,130.00000000,45.07100000,1650499229187,False,True
4671142,0.34680000,1716.20000000,595.17816000,1650499229498,False,True
4671143,0.34670000,126.00000000,43.68420000,1650499229697,False,True
4671144,0.34670000,91.50000000,31.72305000,1650499229791,True,True
4671145,0.34730000,295.00000000,102.45350000,1650499230332,False,True
4671146,0.34720000,86.50000000,30.03280000,1650499231819,False,True
4671147,0.34730000,150.00000000,52.09500000,1650499236477,False,True
4671148,0.34690000,130.10000000,45.13169000,1650499241644,True,True
4671149,0.34690000,126.20000000,43.77878000,1650499241644,True,True
4671150,0.34680000,1209.00000000,419.28120000,1650499241657,True,True
4671151,0.34680000,43.40000000,15.05112000,1650499241657,True,True
4671152,0.34660000,72.20000000,25.02452000,1650499241681,True,True
4671153,0.34630000,326.00000000,112.89380000,1650499241823,True,True
4671154,0.34610000,331.50000000,114.73215000,1650499241823,True,True
4671155,0.34610000,344.70000000,119.30067000,1650499241823,True,True
4671156,0.34600000,777.80000000,269.11880000,1650499241823,True,True
4671157,0.34600000,240.10000000,83.07460000,1650499242870,False,True
4671158,0.34590000,130.00000000,44.96700000,1650499242981,False,True
4671159,0.34590000,29.20000000,10.10028000,1650499246633,True,True
4671160,0.34550000,470.80000000,162.66140000,1650499246633,True,True
4671161,0.34640000,1101.60000000,381.59424000,1650499249312,False,True
4671162,0.34630000,122.00000000,42.24860000,1650499249947,False,True
4671163,0.34630000,126.20000000,43.70306000,1650499249947,False,True
4671164,0.34640000,135.80000000,47.04112000,1650499249947,False,True
4671165,0.34660000,240.10000000,83.21866000,1650499249947,False,True
4671166,0.34670000,285.90000000,99.12153000,1650499249947,False,True
4671167,0.34670000,7.70000000,2.66959000,1650499250000,False,True
4671168,0.34680000,240.10000000,83.26668000,1650499250000,False,True
4671169,0.34700000,36.40000000,12.63080000,1650499250000,False,True
4671170,0.34710000,348.00000000,120.79080000,1650499250000,False,True
4671171,0.34730000,0.90000000,0.31257000,1650499250000,False,True
4671172,0.34730000,372.50000000,129.36925000,1650499250468,False,True
4671173,0.34740000,177.50000000,61.66350000,1650499250468,False,True
4671174,0.34760000,34.70000000,12.06172000,1650499250729,False,True
4671175,0.34750000,240.10000000,83.43475000,1650499253777,False,True
4671176,0.34760000,12.10000000,4.20596000,1650499253777,False,True
4671177,0.34760000,46.80000000,16.26768000,1650499253777,False,True
4671178,0.34760000,46.80000000,16.26768000,1650499253777,False,True
4671179,0.34760000,46.80000000,16.26768000,1650499253777,False,True
4671180,0.34760000,46.80000000,16.26768000,1650499253777,False,True
4671181,0.34760000,46.80000000,16.26768000,1650499253777,False,True
4671182,0.34760000,46.80000000,16.26768000,1650499253777,False,True
4671183,0.34760000,46.80000000,16.26768000,1650499253777,False,True
4671184,0.34760000,46.80000000,16.26768000,1650499253777,False,True
4671185,0.34760000,46.30000000,16.09388000,1650499253777,False,True
4671186,0.34770000,335.80000000,116.75766000,1650499253777,False,True
4671187,0.34790000,344.70000000,119.92113000,1650499253777,False,True
4671188,0.34790000,34.70000000,12.07213000,1650499253777,False,True
4671189,0.34790000,347.30000000,120.82567000,1650499253777,False,True
4671190,0.34810000,43.70000000,15.21197000,1650499253777,False,True
4671191,0.34810000,336.80000000,117.24008000,1650499253777,False,True
4671192,0.34820000,324.60000000,113.02572000,1650499253777,False,True
4671193,0.34830000,326.00000000,113.54580000,1650499253777,False,True
4671194,0.34840000,35.00000000,12.19400000,1650499253777,False,True
4671195,0.34860000,44.10000000,15.37326000,1650499253777,False,True
4671196,0.34860000,125.60000000,43.78416000,1650499253777,False,True
4671197,0.34860000,79.40000000,27.67884000,1650499253777,False,True
4671198,0.34860000,143.80000000,50.12868000,1650499253777,False,True
4671199,0.34880000,338.50000000,118.06880000,1650499253777,False,True
4671200,0.34880000,81.60000000,28.46208000,1650499253777,False,True
4671201,0.34890000,7.50000000,2.61675000,1650499253777,False,True
4671202,0.34740000,60.90000000,21.15666000,1650499254242,True,True
4671203,0.34740000,62.80000000,21.81672000,1650499254242,True,True
4671204,0.34760000,287.80000000,100.03928000,1650499254251,True,True
4671205,0.34760000,15.90000000,5.52684000,1650499254253,True,True
4671206,0.34740000,64.60000000,22.44204000,1650499254253,True,True
4671207,0.34730000,64.60000000,22.43558000,1650499254278,True,True
4671208,0.34720000,346.50000000,120.30480000,1650499254524,True,True
4671209,0.34660000,349.40000000,121.10204000,1650499254879,True,True
4671210,0.34640000,81.60000000,28.26624000,1650499257498,True,True
4671211,0.34620000,46.50000000,16.09830000,1650499260318,True,True
4671212,0.34690000,64.70000000,22.44443000,1650499260525,False,True
4671213,0.34690000,60.90000000,21.12621000,1650499260525,False,True
4671214,0.34690000,313.70000000,108.82253000,1650499260525,False,True
4671215,0.34700000,110.70000000,38.41290000,1650499260525,False,True
4671216,0.34750000,31.80000000,11.05050000,1650499263632,False,True
4671217,0.34690000,61.20000000,21.23028000,1650499268765,True,True
4671218,0.34690000,65.00000000,22.54850000,1650499268765,True,True
4671219,0.34700000,253.60000000,87.99920000,1650499269398,False,True
4671220,0.34740000,65.00000000,22.58100000,1650499272452,False,True
4671221,0.34750000,245.80000000,85.41550000,1650499272452,False,True
4671222,0.34750000,174.00000000,60.46500000,1650499272460,True,True
4671223,0.34720000,269.20000000,93.46624000,1650499275455,False,True
4671224,0.34740000,60.30000000,20.94822000,1650499275455,False,True
4671225,0.34760000,86.50000000,30.06740000,1650499275455,False,True
4671226,0.34760000,219.20000000,76.19392000,1650499278462,False,True
4671227,0.34780000,346.50000000,120.51270000,1650499278462,False,True
4671228,0.34780000,50.00000000,17.39000000,1650499278469,True,True
4671229,0.34730000,50.00000000,17.36500000,1650499278508,True,True
4671230,0.34740000,344.90000000,119.81826000,1650499278564,True,True
4671231,0.34730000,299.20000000,103.91216000,1650499278564,True,True
4671232,0.34750000,240.10000000,83.43475000,1650499278612,True,True
4671233,0.34750000,190.60000000,66.23350000,1650499278612,True,True
4671234,0.34750000,65.00000000,22.58750000,1650499278612,True,True
4671235,0.34750000,188.60000000,65.53850000,1650499278612,True,True
4671236,0.34740000,240.10000000,83.41074000,1650499278644,True,True
4671237,0.34730000,107.80000000,37.43894000,1650499278644,True,True
4671238,0.34740000,240.10000000,83.41074000,1650499278701,True,True
4671239,0.34740000,240.10000000,83.41074000,1650499278762,True,True
4671240,0.34730000,1500.00000000,520.95000000,1650499279057,True,True
4671241,0.34750000,65.00000000,22.58750000,1650499281455,False,True
4671242,0.34750000,62.80000000,21.82300000,1650499281455,False,True
4671243,0.34750000,61.20000000,21.26700000,1650499281455,False,True
4671244,0.34760000,240.10000000,83.45876000,1650499281455,False,True
4671245,0.34700000,170.00000000,58.99000000,1650499281685,True,True
4671246,0.34760000,240.10000000,83.45876000,1650499284458,False,True
4671247,0.34770000,1907.00000000,663.06390000,1650499284458,False,True
4671248,0.34770000,50.00000000,17.38500000,1650499284465,True,True
4671249,0.34720000,349.30000000,121.27696000,1650499284536,True,True
4671250,0.34720000,240.10000000,83.36272000,1650499284536,True,True
4671251,0.34730000,240.10000000,83.38673000,1650499285847,False,True
4671252,0.34730000,57.00000000,19.79610000,1650499287382,False,True
4671253,0.34700000,536.10000000,186.02670000,1650499290514,True,True
4671254,0.34670000,10.30000000,3.57101000,1650499301842,False,True
4671255,0.34670000,178.30000000,61.81661000,1650499302498,False,True
4671256,0.34680000,64.60000000,22.40328000,1650499302498,False,True
4671257,0.34680000,190.60000000,66.10008000,1650499302498,False,True
4671258,0.34680000,37.30000000,12.93564000,1650499302498,False,True
4671259,0.34720000,240.10000000,83.36272000,1650499303112,True,True
4671260,0.34720000,37.30000000,12.95056000,1650499303146,True,True
4671261,0.34720000,202.80000000,70.41216000,1650499303285,True,True
4671262,0.34770000,51.00000000,17.73270000,1650499305537,False,True
4671263,0.34770000,50.00000000,17.38500000,1650499305550,True,True
4671264,0.34710000,50.00000000,17.35500000,1650499305571,True,True
4671265,0.34710000,416.00000000,144.39360000,1650499305603,True,True
4671266,0.34760000,240.10000000,83.45876000,1650499308581,False,True
4671267,0.34770000,416.00000000,144.64320000,1650499308581,False,True
4671268,0.34770000,51.00000000,17.73270000,1650499308581,False,True
4671269,0.34770000,50.00000000,17.38500000,1650499308594,True,True
4671270,0.34720000,240.10000000,83.36272000,1650499308720,True,True
4671271,0.34710000,193.00000000,66.99030000,1650499308783,True,True
4671272,0.34710000,160.00000000,55.53600000,1650499308899,True,True
4671273,0.34710000,69.10000000,23.98461000,1650499309357,True,True
4671274,0.34710000,72.40000000,25.13004000,1650499309357,True,True
4671275,0.34750000,72.40000000,25.15900000,1650499323705,False,True
4671276,0.34750000,69.10000000,24.01225000,1650499323705,False,True
4671277,0.34760000,240.10000000,83.45876000,1650499323705,False,True
4671278,0.34770000,51.00000000,17.73270000,1650499323705,False,True
4671279,0.34770000,343.40000000,119.40018000,1650499323705,False,True
4671280,0.34780000,61.10000000,21.25058000,1650499323705,False,True
4671281,0.34790000,229.30000000,79.77347000,1650499323705,False,True
4671282,0.34730000,173.60000000,60.29128000,1650499323872,True,True
4671283,0.34730000,66.30000000,23.02599000,1650499323939,True,True
4671284,0.34730000,182.20000000,63.27806000,1650499323939,True,True
4671285,0.34720000,65.00000000,22.56800000,1650499324030,True,True
4671286,0.34720000,62.10000000,21.56112000,1650499324030,True,True
4671287,0.34680000,1757.70000000,609.57036000,1650499325985,True,True
4671288,0.34680000,219.70000000,76.19196000,1650499325988,True,True
4671289,0.34680000,240.10000000,83.26668000,1650499325988,True,True
4671290,0.34670000,334.00000000,115.79780000,1650499325988,True,True
4671291,0.34670000,963.90000000,334.18413000,1650499325988,True,True
4671292,0.34670000,903.80000000,313.34746000,1650499326186,True,True
4671293,0.34660000,240.00000000,83.18400000,1650499326648,False,True
4671294,0.34620000,32.90000000,11.38998000,1650499326761,True,True
4671295,0.34600000,65.00000000,22.49000000,1650499327349,False,True
4671296,0.34600000,66.30000000,22.93980000,1650499327349,False,True
4671297,0.34610000,240.10000000,83.09861000,1650499327349,False,True
4671298,0.34620000,372.30000000,128.89026000,1650499327349,False,True
4671299,0.34620000,1977.40000000,684.57588000,1650499327349,False,True
4671300,0.34670000,168.90000000,58.55763000,1650499327349,False,True
4671301,0.34660000,45.40000000,15.73564000,1650499332293,False,True
4671302,0.34660000,16.70000000,5.78822000,1650499333172,False,True
4671303,0.34670000,13.30000000,4.61111000,1650499333920,False,True
4671304,0.34670000,104.10000000,36.09147000,1650499336175,True,True
4671305,0.34710000,576.80000000,200.20728000,1650499355106,True,True
4671306,0.34650000,65.10000000,22.55715000,1650499366573,True,True
4671307,0.34650000,62.10000000,21.51765000,1650499366573,True,True
4671308,0.34650000,66.50000000,23.04225000,1650499366573,True,True
4671309,0.34650000,500.00000000,173.25000000,1650499366604,False,True
4671310,0.34650000,1272.70000000,440.99055000,1650499367073,False,True
4671311,0.34630000,106.60000000,36.91558000,1650499369622,True,True
4671312,0.34630000,106.60000000,36.91558000,1650499369622,True,True
4671313,0.34630000,106.60000000,36.91558000,1650499369622,True,True
4671314,0.34630000,106.60000000,36.91558000,1650499369622,True,True
4671315,0.34630000,106.60000000,36.91558000,1650499369622,True,True
4671316,0.34630000,106.60000000,36.91558000,1650499369622,True,True
4671317,0.34630000,106.60000000,36.91558000,1650499369622,True,True
4671318,0.34630000,106.60000000,36.91558000,1650499369622,True,True
4671319,0.34630000,106.60000000,36.91558000,1650499369622,True,True
4671320,0.34630000,49.50000000,17.14185000,1650499369622,True,True
4671321,0.34620000,402.70000000,139.41474000,1650499369647,True,True
4671322,0.34620000,2000.00000000,692.40000000,1650499369655,True,True
4671323,0.34620000,1970.00000000,682.01400000,1650499372147,True,True
4671324,0.34620000,0.80000000,0.27696000,1650499372401,True,True
4671325,0.34540000,339.20000000,117.15968000,1650499372401,True,True
4671326,0.34510000,58.60000000,20.22286000,1650499372474,True,True
4671327,0.34490000,130.30000000,44.94047000,1650499375233,True,True
4671328,0.34480000,60.90000000,20.99832000,1650499375233,True,True
4671329,0.34490000,1065.30000000,367.42197000,1650499378249,True,True
4671330,0.34480000,72.10000000,24.86008000,1650499389789,True,True
4671331,0.34480000,231.20000000,79.71776000,1650499389789,True,True
4671332,0.34480000,147.70000000,50.92696000,1650499389856,True,True
4671333,0.34470000,82.00000000,28.26540000,1650499404657,True,True
4671334,0.34470000,125.30000000,43.19091000,1650499404657,True,True
4671335,0.34470000,1977.40000000,681.60978000,1650499404657,True,True
4671336,0.34470000,98.60000000,33.98742000,1650499404669,False,True
4671337,0.34470000,1859.40000000,640.93518000,1650499404687,False,True
4671338,0.34460000,240.00000000,82.70400000,1650499405351,False,True
4671339,0.34450000,79.80000000,27.49110000,1650499407655,True,True
4671340,0.34420000,240.10000000,82.64242000,1650499407738,False,True
4671341,0.34450000,45.40000000,15.64030000,1650499415483,False,True
4671342,0.34460000,160.00000000,55.13600000,1650499430076,False,True
4671343,0.34460000,193.00000000,66.50780000,1650499430076,False,True
4671344,0.34460000,158.20000000,54.51572000,1650499430076,False,True
4671345,0.34490000,39.40000000,13.58906000,1650499444948,False,True
4671346,0.34490000,46.90000000,16.17581000,1650499444948,False,True
4671347,0.34500000,107.30000000,37.01850000,1650499444948,False,True
4671348,0.34500000,373.50000000,128.85750000,1650499444948,False,True
4671349,0.34500000,50.00000000,17.25000000,1650499444948,False,True
4671350,0.34500000,54.10000000,18.66450000,1650499450662,False,True
4671351,0.34500000,8.00000000,2.76000000,1650499450843,False,True
4671352,0.34520000,66.50000000,22.95580000,1650499453883,False,True
4671353,0.34520000,50.00000000,17.26000000,1650499453894,True,True
4671354,0.34530000,53.10000000,18.33543000,1650499460666,False,True
4671355,0.34530000,1766.10000000,609.83433000,1650499461598,False,True
4671356,0.34550000,47.10000000,16.27305000,1650499461598,False,True
4671357,0.34550000,47.10000000,16.27305000,1650499461598,False,True
4671358,0.34550000,2.90000000,1.00195000,1650499461598,False,True
4671359,0.34540000,240.10000000,82.93054000,1650499474250,False,True
4671360,0.34550000,44.20000000,15.27110000,1650499474250,False,True
4671361,0.34550000,35.90000000,12.40345000,1650499474250,False,True
4671362,0.34510000,377.00000000,130.10270000,1650499474447,True,True
4671363,0.34500000,337.90000000,116.57550000,1650499477177,True,True
4671364,0.34500000,89.00000000,30.70500000,1650499479831,True,True
4671365,0.34500000,0.70000000,0.24150000,1650499479867,True,True
4671366,0.34470000,1865.80000000,643.14126000,1650499538433,False,True
4671367,0.34510000,241.50000000,83.34165000,1650499551605,False,True
4671368,0.34550000,336.70000000,116.32985000,1650499551605,False,True
4671369,0.34550000,50.00000000,17.27500000,1650499551611,True,True
4671370,0.34600000,469.70000000,162.51620000,1650499562577,False,True
4671371,0.34620000,325.50000000,112.68810000,1650499562577,False,True
4671372,0.34620000,50.00000000,17.31000000,1650499562577,False,True
4671373,0.34590000,49.10000000,16.98369000,1650499563821,True,True
4671374,0.34620000,469.40000000,162.50628000,1650499565647,False,True
4671375,0.34630000,1579.90000000,547.11937000,1650499565647,False,True
4671376,0.34630000,50.00000000,17.31500000,1650499565688,True,True
4671377,0.34590000,99.00000000,34.24410000,1650499566092,True,True
4671378,0.34630000,68.80000000,23.82544000,1650499572444,False,True
4671379,0.34640000,294.50000000,102.01480000,1650499572444,False,True
4671380,0.34640000,240.10000000,83.17064000,1650499572444,False,True
4671381,0.34650000,358.30000000,124.15095000,1650499572444,False,True
4671382,0.34670000,356.00000000,123.42520000,1650499572444,False,True
4671383,0.34680000,373.50000000,129.52980000,1650499572444,False,True
4671384,0.34690000,79.80000000,27.68262000,1650499572444,False,True
4671385,0.34690000,334.10000000,115.89929000,1650499572444,False,True
4671386,0.34700000,46.90000000,16.27430000,1650499572444,False,True
4671387,0.34700000,46.90000000,16.27430000,1650499572444,False,True
4671388,0.34700000,46.90000000,16.27430000,1650499572444,False,True
4671389,0.34700000,46.90000000,16.27430000,1650499572444,False,True
4671390,0.34700000,46.90000000,16.27430000,1650499572444,False,True
4671391,0.34700000,46.90000000,16.27430000,1650499572444,False,True
4671392,0.34700000,46.90000000,16.27430000,1650499572444,False,True
4671393,0.34700000,46.90000000,16.27430000,1650499572444,False,True
4671394,0.34700000,46.90000000,16.27430000,1650499572444,False,True
4671395,0.34700000,46.20000000,16.03140000,1650499572444,False,True
4671396,0.34710000,82.00000000,28.46220000,1650499572444,False,True
4671397,0.34710000,125.30000000,43.49163000,1650499572444,False,True
4671398,0.34710000,2590.20000000,899.05842000,1650499572444,False,True
4671399,0.34720000,133.00000000,46.17760000,1650499572444,False,True
4671400,0.34730000,130.30000000,45.25319000,1650499572444,False,True
4671401,0.34740000,5183.10000000,1800.60894000,1650499572444,False,True
4671402,0.34750000,143.80000000,49.97050000,1650499572444,False,True
4671403,0.34860000,79.40000000,27.67884000,1650499572444,False,True
4671404,0.34880000,81.60000000,28.46208000,1650499572444,False,True
4671405,0.34890000,117.20000000,40.89108000,1650499572444,False,True
4671406,0.34900000,132.30000000,46.17270000,1650499572444,False,True
4671407,0.34910000,96.60000000,33.72306000,1650499572444,False,True
4671408,0.34930000,1972.80000000,689.09904000,1650499572444,False,True
4671409,0.34950000,381.90000000,133.47405000,1650499572444,False,True
4671410,0.34950000,5124.20000000,1790.90790000,1650499572444,False,True
4671411,0.34960000,575.40000000,201.15984000,1650499572444,False,True
4671412,0.34970000,49.00000000,17.13530000,1650499572444,False,True
4671413,0.34970000,146.90000000,51.37093000,1650499572444,False,True
4671414,0.34980000,230.50000000,80.62890000,1650499572444,False,True
4671415,0.34990000,125.00000000,43.73750000,1650499572444,False,True
4671416,0.34990000,1463.40000000,512.04366000,1650499572444,False,True
4671417,0.35000000,450.00000000,157.50000000,1650499572444,False,True
4671418,0.35000000,176.80000000,61.88000000,1650499572444,False,True
4671419,0.35000000,150.00000000,52.50000000,1650499572444,False,True
4671420,0.35000000,2193.80000000,767.83000000,1650499572444,False,True
4671421,0.35000000,293.70000000,102.79500000,1650499572444,False,True
4671422,0.35000000,60.90000000,21.31500000,1650499572444,False,True
4671423,0.35000000,1464.70000000,512.64500000,1650499572444,False,True
4671424,0.35000000,358.70000000,125.54500000,1650499572444,False,True
4671425,0.35000000,88.00000000,30.80000000,1650499572444,False,True
4671426,0.35000000,29.20000000,10.22000000,1650499572444,False,True
4671427,0.35000000,33.20000000,11.62000000,1650499572444,False,True
4671428,0.35000000,140.00000000,49.00000000,1650499572444,False,True
4671429,0.35000000,56.00000000,19.60000000,1650499572444,False,True
4671430,0.35000000,446.30000000,156.20500000,1650499572444,False,True
4671431,0.35000000,735.20000000,257.32000000,1650499572444,False,True
4671432,0.35000000,461.40000000,161.49000000,1650499572444,False,True
4671433,0.34750000,240.10000000,83.43475000,1650499572693,True,True
4671434,0.34740000,65.90000000,22.89366000,1650499572693,True,True
4671435,0.34730000,329.50000000,114.43535000,1650499572693,True,True
4671436,0.34730000,143.80000000,49.94174000,1650499572693,True,True
4671437,0.34720000,1625.50000000,564.37360000,1650499573864,False,True
4671438,0.34720000,605.00000000,210.05600000,1650499574188,False,True
4671439,0.34700000,307.60000000,106.73720000,1650499575250,True,True
4671440,0.34760000,68.70000000,23.88012000,1650499576597,True,True
4671441,0.34760000,62.10000000,21.58596000,1650499576597,True,True
4671442,0.34740000,65.00000000,22.58100000,1650499576630,True,True
4671443,0.34740000,228.00000000,79.20720000,1650499576636,True,True
4671444,0.34740000,39.20000000,13.61808000,1650499576756,True,True
4671445,0.34730000,107.80000000,37.43894000,1650499576756,True,True
4671446,0.34730000,93.00000000,32.29890000,1650499576791,True,True
4671447,0.34750000,355.00000000,123.36250000,1650499577458,True,True
4671448,0.34790000,54.40000000,18.92576000,1650499577634,False,True
4671449,0.34720000,68.70000000,23.85264000,1650499584429,False,True
4671450,0.34720000,62.10000000,21.56112000,1650499584429,False,True
4671451,0.34720000,65.90000000,22.88048000,1650499584429,False,True
4671452,0.34730000,90.70000000,31.50011000,1650499584429,False,True
4671453,0.34740000,71.80000000,24.94332000,1650499584507,False,True
4671454,0.34730000,162.20000000,56.33206000,1650499590732,True,True
4671455,0.34750000,97.90000000,34.02025000,1650499593938,True,True
4671456,0.34780000,62.00000000,21.56360000,1650499593991,True,True
4671457,0.34780000,68.60000000,23.85908000,1650499593991,True,True
4671458,0.34770000,133.60000000,46.45272000,1650499593991,True,True
4671459,0.34780000,130.60000000,45.42268000,1650499594022,True,True
4671460,0.34760000,185.20000000,64.37552000,1650499594058,True,True
4671461,0.34770000,66.40000000,23.08728000,1650499594093,True,True
4671462,0.34730000,347.60000000,120.72148000,1650499594093,True,True
4671463,0.34730000,173.90000000,60.39547000,1650499594093,True,True
4671464,0.34740000,143.80000000,49.95612000,1650499594108,True,True
4671465,0.34690000,143.80000000,49.88422000,1650499597839,True,True
4671466,0.34680000,376.50000000,130.57020000,1650499597839,True,True
4671467,0.34670000,129.60000000,44.93232000,1650499597839,True,True
4671468,0.34670000,438.10000000,151.88927000,1650499597839,True,True
4671469,0.34670000,129.00000000,44.72430000,1650499597856,True,True
4671470,0.34670000,50.90000000,17.64703000,1650499597858,True,True
4671471,0.34670000,84.30000000,29.22681000,1650499597860,True,True
4671472,0.34660000,41.60000000,14.41856000,1650499597860,True,True
4671473,0.34660000,7.40000000,2.56484000,1650499597862,True,True
4671474,0.34660000,44.50000000,15.42370000,1650499597862,True,True
4671475,0.34660000,87.80000000,30.43148000,1650499598234,True,True
4671476,0.34650000,124.70000000,43.20855000,1650499598234,True,True
4671477,0.34640000,81.60000000,28.26624000,1650499598234,True,True
4671478,0.34620000,43.70000000,15.12894000,1650499602987,True,True
4671479,0.34670000,43.20000000,14.97744000,1650499603212,False,True
4671480,0.34620000,35.70000000,12.35934000,1650499614837,True,True
4671481,0.34620000,3562.00000000,1233.16440000,1650499614837,True,True
4671482,0.34600000,68.60000000,23.73560000,1650499615374,False,True
4671483,0.34560000,68.90000000,23.81184000,1650499632719,True,True
4671484,0.34560000,170.00000000,58.75200000,1650499632828,False,True
4671485,0.34560000,4943.90000000,1708.61184000,1650499632838,False,True
4671486,0.34560000,1480.70000000,511.72992000,1650499632861,False,True
4671487,0.34560000,2238.00000000,773.45280000,1650499635351,False,True
4671488,0.34560000,3000.70000000,1037.04192000,1650499635467,False,True
4671489,0.34560000,597.90000000,206.63424000,1650499635502,False,True
4671490,0.34570000,143.80000000,49.71166000,1650499638665,True,True
4671491,0.34570000,428.60000000,148.16702000,1650499638678,False,True
4671492,0.34570000,132.00000000,45.63240000,1650499638683,False,True
4671493,0.34540000,657.00000000,226.92780000,1650499647120,False,True
4671494,0.34540000,657.00000000,226.92780000,1650499647122,False,True
4671495,0.34560000,264.20000000,91.30752000,1650499648189,False,True
4671496,0.34570000,918.70000000,317.59459000,1650499648189,False,True
4671497,0.34540000,1300.00000000,449.02000000,1650499651332,False,True
4671498,0.34550000,350.30000000,121.02865000,1650499659343,True,True
4671499,0.34540000,143.80000000,49.66852000,1650499659343,True,True
4671500,0.34530000,228.10000000,78.76293000,1650499659343,True,True
4671501,0.34490000,130.30000000,44.94047000,1650499665400,True,True
4671502,0.34490000,1539.30000000,530.90457000,1650499665400,True,True
4671503,0.34480000,133.00000000,45.85840000,1650499665400,True,True
4671504,0.34470000,82.00000000,28.26540000,1650499665400,True,True
4671505,0.34470000,125.30000000,43.19091000,1650499665400,True,True
4671506,0.34470000,345.70000000,119.16279000,1650499665400,True,True
4671507,0.34450000,394.40000000,135.87080000,1650499665400,True,True
4671508,0.34460000,407.50000000,140.42450000,1650499665769,True,True
4671509,0.34450000,1056.90000000,364.10205000,1650499665769,True,True
4671510,0.34450000,75.60000000,26.04420000,1650499665769,True,True
4671511,0.34450000,4.20000000,1.44690000,1650499665867,True,True
4671512,0.34480000,264.20000000,91.09616000,1650499666323,False,True
4671513,0.34450000,58.70000000,20.22215000,1650499667224,False,True
4671514,0.34450000,7.70000000,2.65265000,1650499667244,False,True
4671515,0.34460000,2.30000000,0.79258000,1650499667244,False,True
4671516,0.34400000,444.30000000,152.83920000,1650499669281,True,True
4671517,0.34390000,65.70000000,22.59423000,1650499669281,True,True
4671518,0.34380000,151.50000000,52.08570000,1650499671393,True,True
4671519,0.34380000,2388.50000000,821.16630000,1650499671393,True,True
4671520,0.34350000,49.00000000,16.83150000,1650499671461,True,True
4671521,0.34350000,143.80000000,49.39530000,1650499671461,True,True
4671522,0.34350000,264.20000000,90.75270000,1650499671461,True,True
4671523,0.34350000,5333.00000000,1831.88550000,1650499671461,True,True
4671524,0.34380000,264.00000000,90.76320000,1650499671687,False,True
4671525,0.34390000,45.40000000,15.61306000,1650499673220,False,True
4671526,0.34390000,20.30000000,6.98117000,1650499676109,False,True
4671527,0.34390000,62.00000000,21.32180000,1650499676109,False,True
4671528,0.34410000,407.50000000,140.22075000,1650499722883,False,True
4671529,0.34410000,44.50000000,15.31245000,1650499722883,False,True
4671530,0.34410000,399.80000000,137.57118000,1650499732791,False,True
4671531,0.34400000,108.50000000,37.32400000,1650499737293,False,True
4671532,0.34430000,68.90000000,23.72227000,1650499740347,False,True
4671533,0.34430000,82.30000000,28.33589000,1650499740406,True,True
4671534,0.34430000,300.50000000,103.46215000,1650499740417,True,True
4671535,0.34440000,264.20000000,90.99048000,1650499763336,False,True
4671536,0.34440000,264.20000000,90.99048000,1650499763887,False,True
4671537,0.34470000,1308.70000000,451.10889000,1650499780068,False,True
4671538,0.34470000,668.70000000,230.50089000,1650499788617,False,True
4671539,0.34490000,1954.00000000,673.93460000,1650499788617,False,True
4671540,0.34490000,68.60000000,23.66014000,1650499788644,True,True
4671541,0.34500000,83.60000000,28.84200000,1650499788672,True,True
4671542,0.34490000,180.60000000,62.28894000,1650499788694,True,True
4671543,0.34490000,669.00000000,230.73810000,1650499788721,True,True
4671544,0.34500000,62.50000000,21.56250000,1650499788733,True,True
4671545,0.34500000,69.10000000,23.83950000,1650499788733,True,True
4671546,0.34500000,66.90000000,23.08050000,1650499788733,True,True
4671547,0.34490000,359.90000000,124.12951000,1650499789930,True,True
4671548,0.34460000,176.10000000,60.68406000,1650499797358,True,True
4671549,0.34450000,264.20000000,91.01690000,1650499797358,True,True
4671550,0.34450000,1579.90000000,544.27555000,1650499797358,True,True
4671551,0.34420000,1276.30000000,439.30246000,1650499797358,True,True
4671552,0.34380000,151.50000000,52.08570000,1650499814194,True,True
4671553,0.34370000,549.60000000,188.89752000,1650499814194,True,True
4671554,0.34390000,264.20000000,90.85838000,1650499817201,False,True
4671555,0.34400000,253.60000000,87.23840000,1650499817201,False,True
4671556,0.34390000,69.10000000,23.76349000,1650499820135,False,True
4671557,0.34390000,62.50000000,21.49375000,1650499820135,False,True
4671558,0.34390000,66.90000000,23.00691000,1650499820135,False,True
4671559,0.34400000,264.20000000,90.88480000,1650499820135,False,True
4671560,0.34370000,1307.40000000,449.35338000,1650499828331,False,True
4671561,0.34400000,180.00000000,61.92000000,1650499830763,True,True
4671562,0.34400000,5.80000000,1.99520000,1650499830773,True,True
4671563,0.34410000,255.50000000,87.91755000,1650499843103,False,True
4671564,0.34360000,151.50000000,52.05540000,1650499849100,True,True
4671565,0.34340000,118.50000000,40.69290000,1650499849100,True,True
4671566,0.34360000,69.40000000,23.84584000,1650499892776,True,True
4671567,0.34360000,62.80000000,21.57808000,1650499892776,True,True
4671568,0.34360000,12.80000000,4.39808000,1650499892776,True,True
4671569,0.34360000,54.40000000,18.69184000,1650499892783,True,True
4671570,0.34350000,90.60000000,31.12110000,1650499892783,True,True
4671571,0.34350000,60.90000000,20.91915000,1650499892786,True,True
4671572,0.34340000,84.10000000,28.87994000,1650499892786,True,True
4671573,0.34350000,145.00000000,49.80750000,1650499899502,True,True
4671574,0.34350000,6.50000000,2.23275000,1650499899507,True,True
4671575,0.34340000,138.50000000,47.56090000,1650499899507,True,True
4671576,0.34340000,29.90000000,10.26766000,1650499899520,True,True
4671577,0.34370000,69.40000000,23.85278000,1650499901745,False,True
4671578,0.34370000,29.50000000,10.13915000,1650499901745,False,True
4671579,0.34360000,42.70000000,14.67172000,1650499920513,False,True
4671580,0.34380000,176.10000000,60.54318000,1650499926108,False,True
4671581,0.34420000,172.50000000,59.37450000,1650499927234,False,True
4671582,0.34370000,319.40000000,109.77778000,1650499932508,True,True
4671583,0.34340000,313.30000000,107.58722000,1650499932508,True,True
4671584,0.34340000,262.50000000,90.14250000,1650499932508,True,True
4671585,0.34350000,69.40000000,23.83890000,1650499932535,True,True
4671586,0.34380000,69.40000000,23.85972000,1650499935252,False,True
4671587,0.34380000,37.70000000,12.96126000,1650499935252,False,True
4671588,0.34380000,59.40000000,20.42172000,1650499935252,False,True
4671589,0.34360000,69.30000000,23.81148000,1650499938343,True,True
4671590,0.34360000,60.20000000,20.68472000,1650499938343,True,True
4671591,0.34360000,15.50000000,5.32580000,1650499938343,True,True
4671592,0.34360000,50.80000000,17.45488000,1650499938366,True,True
4671593,0.34350000,94.20000000,32.35770000,1650499938366,True,True
4671594,0.34350000,57.30000000,19.68255000,1650499938454,True,True
4671595,0.34380000,69.30000000,23.82534000,1650499939226,False,True
4671596,0.34380000,66.30000000,22.79394000,1650499939226,False,True
4671597,0.34380000,59.60000000,20.49048000,1650499939226,False,True
4671598,0.34350000,59.60000000,20.47260000,1650499942191,True,True
4671599,0.34350000,38.40000000,13.19040000,1650499942191,True,True
4671600,0.34360000,151.50000000,52.05540000,1650499946713,True,True
4671601,0.34340000,145.00000000,49.79300000,1650499946743,True,True
4671602,0.34340000,145.00000000,49.79300000,1650499946746,True,True
4671603,0.34360000,67.30000000,23.12428000,1650499961309,True,True
4671604,0.34340000,7.50000000,2.57550000,1650499971025,True,True
4671605,0.34340000,324.00000000,111.26160000,1650499971025,True,True
4671606,0.34330000,264.20000000,90.69986000,1650499971025,True,True
4671607,0.34320000,130.90000000,44.92488000,1650499971025,True,True
4671608,0.34310000,133.60000000,45.83816000,1650499971025,True,True
4671609,0.34300000,82.40000000,28.26320000,1650499971025,True,True
4671610,0.34300000,370.20000000,126.97860000,1650499971025,True,True
4671611,0.34290000,126.00000000,43.20540000,1650499971025,True,True
4671612,0.34290000,375.50000000,128.75895000,1650499971025,True,True
4671613,0.34280000,80.20000000,27.49256000,1650499971025,True,True
4671614,0.34270000,339.50000000,116.34665000,1650499971025,True,True
4671615,0.34240000,107.60000000,36.84224000,1650499971025,True,True
4671616,0.34240000,143.80000000,49.23712000,1650499971025,True,True
4671617,0.34240000,1145.20000000,392.11648000,1650499971025,True,True
4671618,0.34240000,53.40000000,18.28416000,1650499971025,True,True
4671619,0.34240000,436.20000000,149.35488000,1650499971025,True,True
4671620,0.34240000,1504.20000000,515.03808000,1650499971025,True,True
4671621,0.34240000,330.90000000,113.30016000,1650499971025,True,True
4671622,0.34240000,150.20000000,51.42848000,1650499971025,True,True
4671623,0.34240000,75.20000000,25.74848000,1650499971025,True,True
4671624,0.34240000,450.70000000,154.31968000,1650499971025,True,True
4671625,0.34240000,1021.70000000,349.83008000,1650499971025,True,True
4671626,0.34240000,187.80000000,64.30272000,1650499971025,True,True
4671627,0.34240000,45.00000000,15.40800000,1650499971025,True,True
4671628,0.34240000,66.90000000,22.90656000,1650499971025,True,True
4671629,0.34240000,59.70000000,20.44128000,1650499971025,True,True
4671630,0.34350000,63.60000000,21.84660000,1650499973232,False,True
4671631,0.34350000,38.40000000,13.19040000,1650499973232,False,True
4671632,0.34360000,355.10000000,122.01236000,1650499973232,False,True
4671633,0.34370000,264.20000000,90.80554000,1650499973253,False,True
4671634,0.34380000,1579.90000000,543.16962000,1650499973253,False,True
4671635,0.34390000,680.30000000,233.95517000,1650499973253,False,True
4671636,0.34410000,145.00000000,49.89450000,1650499973636,False,True
4671637,0.34410000,99.90000000,34.37559000,1650499975220,False,True
4671638,0.34410000,19.30000000,6.64113000,1650499975654,False,True
4671639,0.34420000,47.70000000,16.41834000,1650499975654,False,True
4671640,0.34410000,264.20000000,90.91122000,1650500058811,False,True
4671641,0.34420000,301.10000000,103.63862000,1650500058811,False,True
4671642,0.34380000,144.00000000,49.50720000,1650500097802,True,True
4671643,0.34380000,7.50000000,2.57850000,1650500097812,True,True
4671644,0.34340000,151.50000000,52.02510000,1650500136265,True,True
4671645,0.34320000,264.20000000,90.67344000,1650500136265,True,True
4671646,0.34310000,674.30000000,231.35233000,1650500136265,True,True
4671647,0.34370000,8.10000000,2.78397000,1650500136305,False,True
4671648,0.34350000,73.60000000,25.28160000,1650500137359,False,True
4671649,0.34370000,264.20000000,90.80554000,1650500139239,False,True
4671650,0.34380000,373.80000000,128.51244000,1650500139239,False,True
4671651,0.34390000,214.50000000,73.76655000,1650500139239,False,True
4671652,0.34310000,63.60000000,21.82116000,1650500139361,True,True
4671653,0.34310000,65.60000000,22.50736000,1650500139361,True,True
4671654,0.34310000,14.80000000,5.07788000,1650500139361,True,True
4671655,0.34340000,65.60000000,22.52704000,1650500141212,False,True
4671656,0.34340000,63.60000000,21.84024000,1650500141212,False,True
4671657,0.34350000,264.20000000,90.75270000,1650500141212,False,True
4671658,0.34360000,251.00000000,86.24360000,1650500141212,False,True
4671659,0.34330000,65.70000000,22.55481000,1650500142990,True,True
4671660,0.34330000,63.60000000,21.83388000,1650500142990,True,True
4671661,0.34330000,14.70000000,5.04651000,1650500142990,True,True
4671662,0.34380000,65.70000000,22.58766000,1650500143250,False,True
4671663,0.34380000,63.60000000,21.86568000,1650500143250,False,True
4671664,0.34380000,29.50000000,10.14210000,1650500143250,False,True
4671665,0.34390000,226.70000000,77.96213000,1650500143250,False,True
4671666,0.34340000,66.30000000,22.76742000,1650500143516,True,True
4671667,0.34340000,63.60000000,21.84024000,1650500143516,True,True
4671668,0.34340000,15.10000000,5.18534000,1650500143516,True,True
4671669,0.34340000,50.50000000,17.34170000,1650500143523,True,True
4671670,0.34330000,94.50000000,32.44185000,1650500143523,True,True
4671671,0.34350000,66.30000000,22.77405000,1650500147232,False,True
4671672,0.34350000,63.60000000,21.84660000,1650500147232,False,True
4671673,0.34350000,65.60000000,22.53360000,1650500147232,False,True
4671674,0.34360000,313.70000000,107.78732000,1650500147232,False,True
4671675,0.34390000,44.50000000,15.30355000,1650500147232,False,True
4671676,0.34400000,191.50000000,65.87600000,1650500149214,False,True
4671677,0.34350000,65.60000000,22.53360000,1650500156843,True,True
4671678,0.34350000,66.30000000,22.77405000,1650500156843,True,True
4671679,0.34350000,13.10000000,4.49985000,1650500156843,True,True
4671680,0.34350000,50.40000000,17.31240000,1650500156845,True,True
4671681,0.34340000,28.60000000,9.82124000,1650500156845,True,True
4671682,0.34300000,151.50000000,51.96450000,1650500224280,True,True
4671683,0.34290000,34.10000000,11.69289000,1650500231831,False,True
4671684,0.34280000,151.50000000,51.93420000,1650500253406,True,True
4671685,0.34280000,1299.80000000,445.57144000,1650500253416,False,True
4671686,0.34270000,151.50000000,51.91905000,1650500265212,True,True
4671687,0.34270000,237.70000000,81.45979000,1650500265212,True,True
4671688,0.34260000,354.80000000,121.55448000,1650500265212,True,True
4671689,0.34240000,264.30000000,90.49632000,1650500265212,True,True
4671690,0.34240000,331.40000000,113.47136000,1650500265212,True,True
4671691,0.34240000,260.30000000,89.12672000,1650500265212,True,True
4671692,0.34230000,1278.70000000,437.69901000,1650500265212,True,True
4671693,0.34220000,356.00000000,121.82320000,1650500265212,True,True
4671694,0.34210000,383.60000000,131.22956000,1650500265212,True,True
4671695,0.34260000,117.00000000,40.08420000,1650500265718,False,True
4671696,0.34270000,66.30000000,22.72101000,1650500267175,False,True
4671697,0.34270000,21.20000000,7.26524000,1650500267175,False,True
4671698,0.34210000,66.60000000,22.78386000,1650500288547,True,True
4671699,0.34200000,237.70000000,81.29340000,1650500288547,True,True
4671700,0.34190000,1148.90000000,392.80891000,1650500288547,True,True
4671701,0.34260000,66.60000000,22.81716000,1650500290893,False,True
4671702,0.34260000,41.40000000,14.18364000,1650500290893,False,True
4671703,0.34230000,151.50000000,51.85845000,1650500297117,True,True
4671704,0.34220000,237.70000000,81.34094000,1650500297117,True,True
4671705,0.34210000,1610.80000000,551.05468000,1650500297117,True,True
4671706,0.34200000,63.00000000,21.54600000,1650500297923,True,True
4671707,0.34200000,66.70000000,22.81140000,1650500297923,True,True
4671708,0.34190000,79.60000000,27.21524000,1650500297923,True,True
4671709,0.34160000,73.20000000,25.00512000,1650500297923,True,True
4671710,0.34160000,125.00000000,42.70000000,1650500297923,True,True
4671711,0.34160000,36.90000000,12.60504000,1650500297923,True,True
4671712,0.34160000,529.30000000,180.80888000,1650500297923,True,True
4671713,0.34160000,36.90000000,12.60504000,1650500297923,True,True
4671714,0.34160000,36.90000000,12.60504000,1650500297923,True,True
4671715,0.34160000,22.50000000,7.68600000,1650500297923,True,True
4671716,0.34160000,14.40000000,4.91904000,1650500299093,True,True
4671717,0.34160000,20.20000000,6.90032000,1650500299093,True,True
4671718,0.34200000,342.80000000,117.23760000,1650500299228,False,True
4671719,0.34220000,354.90000000,121.44678000,1650500299228,False,True
4671720,0.34230000,75.30000000,25.77519000,1650500299228,False,True
4671721,0.34160000,16.70000000,5.70472000,1650500300795,True,True
4671722,0.34160000,39.80000000,13.59568000,1650500300795,True,True
4671723,0.34160000,36.90000000,12.60504000,1650500300795,True,True
4671724,0.34160000,39.80000000,13.59568000,1650500300795,True,True
4671725,0.34160000,36.90000000,12.60504000,1650500300795,True,True
4671726,0.34160000,39.80000000,13.59568000,1650500300795,True,True
4671727,0.34160000,36.90000000,12.60504000,1650500300795,True,True
4671728,0.34160000,39.80000000,13.59568000,1650500300795,True,True
4671729,0.34160000,36.90000000,12.60504000,1650500300795,True,True
4671730,0.34160000,39.80000000,13.59568000,1650500300795,True,True
4671731,0.34160000,36.60000000,12.50256000,1650500300795,True,True
4671732,0.34160000,39.80000000,13.59568000,1650500300795,True,True
4671733,0.34160000,39.80000000,13.59568000,1650500300795,True,True
4671734,0.34160000,39.80000000,13.59568000,1650500300795,True,True
4671735,0.34160000,39.80000000,13.59568000,1650500300795,True,True
4671736,0.34160000,38.80000000,13.25408000,1650500300795,True,True
4671737,0.34150000,131.50000000,44.90725000,1650500300795,True,True
4671738,0.34150000,140.60000000,48.01490000,1650500300795,True,True
4671739,0.34200000,343.30000000,117.40860000,1650500301219,False,True
4671740,0.34210000,8.10000000,2.77101000,1650500301219,False,True
4671741,0.34220000,66.60000000,22.79052000,1650500309494,False,True
4671742,0.34170000,146.00000000,49.88820000,1650500312683,True,True
4671743,0.34170000,5.50000000,1.87935000,1650500312921,True,True
4671744,0.34160000,36.90000000,12.60504000,1650500313144,True,True
4671745,0.34160000,36.90000000,12.60504000,1650500313144,True,True
4671746,0.34160000,36.90000000,12.60504000,1650500313144,True,True
4671747,0.34160000,34.30000000,11.71688000,1650500313144,True,True
4671748,0.34170000,146.00000000,49.88820000,1650500316777,True,True
4671749,0.34170000,5.50000000,1.87935000,1650500316795,True,True
4671750,0.34170000,151.50000000,51.76755000,1650500331930,True,True
4671751,0.34160000,2.60000000,0.88816000,1650500331930,True,True
4671752,0.34160000,36.90000000,12.60504000,1650500331930,True,True
4671753,0.34160000,36.90000000,12.60504000,1650500331930,True,True
4671754,0.34160000,36.90000000,12.60504000,1650500331930,True,True
4671755,0.34160000,36.90000000,12.60504000,1650500331930,True,True
4671756,0.34160000,36.90000000,12.60504000,1650500331930,True,True
4671757,0.34160000,36.60000000,12.50256000,1650500331930,True,True
4671758,0.34140000,134.30000000,45.85002000,1650500331930,True,True
4671759,0.34140000,320.10000000,109.28214000,1650500331930,True,True
4671760,0.34130000,82.80000000,28.25964000,1650500331930,True,True
4671761,0.34120000,95.90000000,32.72108000,1650500331930,True,True
4671762,0.34140000,151.50000000,51.72210000,1650500337492,True,True
4671763,0.34130000,227.90000000,77.78227000,1650500337492,True,True
4671764,0.34110000,65.60000000,22.37616000,1650500337492,True,True
4671765,0.34130000,151.50000000,51.70695000,1650500355002,True,True
4671766,0.34110000,15.00000000,5.11650000,1650500355002,True,True
4671767,0.34110000,126.70000000,43.21737000,1650500355002,True,True
4671768,0.34110000,237.70000000,81.07947000,1650500355002,True,True
4671769,0.34110000,297.10000000,101.34081000,1650500355002,True,True
4671770,0.34100000,29.40000000,10.02540000,1650500355002,True,True
4671771,0.34100000,5.10000000,1.73910000,1650500355002,True,True
4671772,0.34160000,48.90000000,16.70424000,1650500361366,False,True
4671773,0.34160000,65.60000000,22.40896000,1650500361366,False,True
4671774,0.34170000,49.00000000,16.74330000,1650500377019,True,True
4671775,0.34170000,66.10000000,22.58637000,1650500377019,True,True
4671776,0.34170000,30.90000000,10.55853000,1650500377019,True,True
4671777,0.34170000,306.00000000,104.56020000,1650500383562,True,True
4671778,0.34180000,145.00000000,49.56100000,1650500399122,True,True
4671779,0.34180000,1.20000000,0.41016000,1650500399126,True,True
4671780,0.34170000,143.80000000,49.13646000,1650500399126,True,True
4671781,0.34160000,151.00000000,51.58160000,1650500451223,True,True
4671782,0.34200000,204.00000000,69.76800000,1650500457226,False,True
4671783,0.34170000,54.70000000,18.69099000,1650500470326,True,True
4671784,0.34160000,91.30000000,31.18808000,1650500470326,True,True
4671785,0.34160000,60.20000000,20.56432000,1650500470331,True,True
4671786,0.34120000,151.50000000,51.69180000,1650500626173,True,True
4671787,0.34120000,461.90000000,157.60028000,1650500626212,False,True
4671788,0.34110000,100.00000000,34.11000000,1650500675548,True,True
4671789,0.34150000,10.70000000,3.65405000,1650500717695,False,True
4671790,0.34100000,151.50000000,51.66150000,1650500755603,True,True
4671791,0.34090000,40.80000000,13.90872000,1650500785407,False,True
4671792,0.34080000,151.50000000,51.63120000,1650500799720,True,True
4671793,0.34060000,40.70000000,13.86242000,1650500800713,True,True
4671794,0.34050000,49.00000000,16.68450000,1650500801709,True,True
4671795,0.34070000,395.50000000,134.74685000,1650500872007,False,True
4671796,0.34070000,448.00000000,152.63360000,1650500872163,True,True
4671797,0.34050000,100.00000000,34.05000000,1650500922675,True,True
4671798,0.34030000,213.90000000,72.79017000,1650500933861,True,True
4671799,0.34030000,108.50000000,36.92255000,1650500933861,True,True
4671800,0.34030000,108.50000000,36.92255000,1650500933861,True,True
4671801,0.34030000,108.50000000,36.92255000,1650500933861,True,True
4671802,0.34030000,108.50000000,36.92255000,1650500933861,True,True
4671803,0.34030000,108.50000000,36.92255000,1650500933861,True,True
4671804,0.34030000,108.50000000,36.92255000,1650500933861,True,True
4671805,0.34030000,108.50000000,36.92255000,1650500933861,True,True
4671806,0.34030000,108.50000000,36.92255000,1650500933861,True,True
4671807,0.34030000,108.50000000,36.92255000,1650500933861,True,True
4671808,0.34030000,50.40000000,17.15112000,1650500933861,True,True
4671809,0.34020000,1759.20000000,598.47984000,1650500933861,True,True
4671810,0.34070000,66.10000000,22.52027000,1650500936197,False,True
4671811,0.34070000,64.00000000,21.80480000,1650500936197,False,True
4671812,0.34070000,71.70000000,24.42819000,1650500936197,False,True
4671813,0.34080000,301.50000000,102.75120000,1650500936197,False,True
4671814,0.34080000,151.50000000,51.63120000,1650501045044,True,True
4671815,0.34080000,166.00000000,56.57280000,1650501045071,False,True
4671816,0.34080000,120.80000000,41.16864000,1650501045081,False,True
4671817,0.34090000,151.50000000,51.64635000,1650501062311,True,True
4671818,0.34090000,35.20000000,11.99968000,1650501062311,True,True
4671819,0.34080000,70.30000000,23.95824000,1650501066907,True,True
4671820,0.34080000,71.10000000,24.23088000,1650501142466,True,True
4671821,0.34130000,70.30000000,23.99339000,1650501166704,False,True
4671822,0.34140000,192.50000000,65.71950000,1650501166704,False,True
4671823,0.34140000,305.60000000,104.33184000,1650501166704,False,True
4671824,0.34100000,151.50000000,51.66150000,1650501357711,True,True
4671825,0.34110000,146.00000000,49.80060000,1650501362069,False,True
4671826,0.34060000,151.50000000,51.60090000,1650501397715,True,True
4671827,0.34040000,38.50000000,13.10540000,1650501397715,True,True
4671828,0.34030000,70.70000000,24.05921000,1650501398906,True,True
4671829,0.34030000,70.10000000,23.85503000,1650501398906,True,True
4671830,0.34030000,72.00000000,24.50160000,1650501398906,True,True
4671831,0.34030000,211.80000000,72.07554000,1650501398906,True,True
4671832,0.34020000,366.20000000,124.58124000,1650501398906,True,True
4671833,0.34010000,786.20000000,267.38662000,1650501398906,True,True
4671834,0.34010000,33.00000000,11.22330000,1650501398906,True,True
4671835,0.34070000,70.10000000,23.88307000,1650501399302,False,True
4671836,0.34070000,70.70000000,24.08749000,1650501399302,False,True
4671837,0.34070000,5.20000000,1.77164000,1650501399302,False,True
4671838,0.34060000,70.70000000,24.08042000,1650501406910,True,True
4671839,0.34060000,70.00000000,23.84200000,1650501406922,True,True
4671840,0.34050000,151.50000000,51.58575000,1650501459736,True,True
4671841,0.34030000,211.80000000,72.07554000,1650501459736,True,True
4671842,0.34020000,363.10000000,123.52662000,1650501459736,True,True
4671843,0.34010000,4.10000000,1.39441000,1650501459736,True,True
4671844,0.34010000,351.30000000,119.47713000,1650501459736,True,True
4671845,0.34010000,37.10000000,12.61771000,1650501459736,True,True
4671846,0.34010000,37.10000000,12.61771000,1650501459736,True,True
4671847,0.34010000,24.00000000,8.16240000,1650501459736,True,True
4671848,0.34060000,1128.70000000,384.43522000,1650501660088,False,True
4671849,0.34060000,1102.80000000,375.61368000,1650501669519,False,True
4671850,0.34060000,479.20000000,163.21552000,1650501670407,False,True
4671851,0.34060000,972.70000000,331.30162000,1650501675000,False,True
4671852,0.34060000,930.80000000,317.03048000,1650501680078,False,True
4671853,0.34050000,151.50000000,51.58575000,1650501695679,True,True
4671854,0.34060000,1757.70000000,598.67262000,1650501704941,False,True
4671855,0.34060000,856.80000000,291.82608000,1650501776743,False,True
4671856,0.34060000,400.00000000,136.24000000,1650501950083,False,True
4671857,0.34060000,0.40000000,0.13624000,1650502006423,False,True
4671858,0.34100000,233.00000000,79.45300000,1650502128531,False,True
4671859,0.34130000,1977.40000000,674.88662000,1650502150245,False,True
4671860,0.34150000,108.40000000,37.01860000,1650502150245,False,True
4671861,0.34150000,108.40000000,37.01860000,1650502150245,False,True
4671862,0.34150000,108.40000000,37.01860000,1650502150245,False,True
4671863,0.34150000,108.40000000,37.01860000,1650502150245,False,True
4671864,0.34150000,108.40000000,37.01860000,1650502150245,False,True
4671865,0.34150000,108.40000000,37.01860000,1650502150245,False,True
4671866,0.34150000,108.40000000,37.01860000,1650502150245,False,True
4671867,0.34150000,108.40000000,37.01860000,1650502150245,False,True
4671868,0.34150000,108.40000000,37.01860000,1650502150245,False,True
4671869,0.34150000,50.30000000,17.17745000,1650502150245,False,True
4671870,0.34160000,366.10000000,125.05976000,1650502150245,False,True
4671871,0.34160000,1212.40000000,414.15584000,1650502150245,False,True
4671872,0.34160000,108.40000000,37.02944000,1650502164196,False,True
4671873,0.34110000,151.50000000,51.67665000,1650502227689,True,True
4671874,0.34110000,35.50000000,12.10905000,1650502227689,True,True
4671875,0.34100000,70.70000000,24.10870000,1650502271720,False,True
4671876,0.34100000,70.00000000,23.87000000,1650502271720,False,True
4671877,0.34100000,72.00000000,24.55200000,1650502271720,False,True
4671878,0.34100000,323.50000000,110.31350000,1650502271720,False,True
4671879,0.34110000,1090.00000000,371.79900000,1650502271720,False,True
4671880,0.34110000,10196.30000000,3477.95793000,1650502280803,False,True
4671881,0.34110000,209.00000000,71.28990000,1650502280911,False,True
4671882,0.34110000,103.60000000,35.33796000,1650502281136,False,True
4671883,0.34120000,1757.70000000,599.72724000,1650502408097,False,True
4671884,0.34120000,2227.20000000,759.92064000,1650502417312,False,True
4671885,0.34120000,1757.70000000,599.72724000,1650502439186,False,True
4671886,0.34120000,1597.30000000,544.99876000,1650502448870,False,True
4671887,0.34120000,3534.80000000,1206.07376000,1650502448870,False,True
4671888,0.34120000,628.90000000,214.58068000,1650502449020,False,True
4671889,0.34120000,3176.30000000,1083.75356000,1650502454284,False,True
4671890,0.34140000,4486.00000000,1531.52040000,1650502454284,False,True
4671891,0.34140000,407.30000000,139.05222000,1650502454294,False,True
4671892,0.34150000,6524.40000000,2228.08260000,1650502529967,False,True
4671893,0.34150000,282.60000000,96.50790000,1650502529967,False,True
4671894,0.34150000,29.60000000,10.10840000,1650502550400,True,True
4671895,0.34150000,425.60000000,145.34240000,1650502550417,True,True
4671896,0.34150000,121.90000000,41.62885000,1650502550417,True,True
4671897,0.34150000,29.60000000,10.10840000,1650502550432,True,True
4671898,0.34130000,151.50000000,51.70695000,1650502681585,True,True
4671899,0.34130000,156.50000000,53.41345000,1650502681585,True,True
4671900,0.34140000,151.50000000,51.72210000,1650502713470,True,True
4671901,0.34140000,100.00000000,34.14000000,1650502733225,True,True
4671902,0.34140000,51.50000000,17.58210000,1650502733728,True,True
4671903,0.34140000,100.00000000,34.14000000,1650502746094,True,True
4671904,0.34140000,151.50000000,51.72210000,1650502778711,True,True
4671905,0.34130000,65.50000000,22.35515000,1650502778711,True,True
4671906,0.34110000,283.00000000,96.53130000,1650502778711,True,True
4671907,0.34120000,151.50000000,51.69180000,1650502787639,True,True
4671908,0.34110000,37.00000000,12.62070000,1650502787639,True,True
4671909,0.34110000,29.40000000,10.02834000,1650502787639,True,True
4671910,0.34110000,222.00000000,75.72420000,1650502787639,True,True
4671911,0.34110000,37.00000000,12.62070000,1650502787639,True,True
4671912,0.34110000,29.40000000,10.02834000,1650502787639,True,True
4671913,0.34110000,37.00000000,12.62070000,1650502787639,True,True
4671914,0.34110000,2.00000000,0.68220000,1650502787639,True,True
4671915,0.34110000,37.00000000,12.62070000,1650502787639,True,True
4671916,0.34110000,37.00000000,12.62070000,1650502787639,True,True
4671917,0.34110000,37.00000000,12.62070000,1650502787639,True,True
4671918,0.34110000,37.00000000,12.62070000,1650502787639,True,True
4671919,0.34110000,37.00000000,12.62070000,1650502787639,True,True
4671920,0.34110000,37.00000000,12.62070000,1650502787639,True,True
4671921,0.34110000,37.00000000,12.62070000,1650502787639,True,True
4671922,0.34100000,1195.70000000,407.73370000,1650502787639,True,True
4671923,0.34100000,222.00000000,75.70200000,1650502796413,True,True
4671924,0.34100000,151.50000000,51.66150000,1650502797410,True,True
4671925,0.34090000,222.00000000,75.67980000,1650502803414,True,True
4671926,0.34080000,222.00000000,75.65760000,1650502803414,True,True
4671927,0.34080000,283.50000000,96.61680000,1650502803420,False,True
4671928,0.34080000,151.50000000,51.63120000,1650502923832,True,True
4671929,0.34080000,424.70000000,144.73776000,1650502923832,True,True
4671930,0.34120000,41.20000000,14.05744000,1650502933243,False,True
4671931,0.34120000,35.10000000,11.97612000,1650502933243,False,True
4671932,0.34130000,70.30000000,23.99339000,1650502933243,False,True
4671933,0.34080000,100.00000000,34.08000000,1650502989683,True,True
4671934,0.34100000,74.00000000,25.23400000,1650503025492,True,True
4671935,0.34100000,69.40000000,23.66540000,1650503025492,True,True
4671936,0.34100000,72.60000000,24.75660000,1650503025492,True,True
4671937,0.34090000,151.50000000,51.64635000,1650503025492,True,True
4671938,0.34090000,342.20000000,116.65598000,1650503025492,True,True
4671939,0.34080000,346.90000000,118.22352000,1650503025492,True,True
4671940,0.34070000,222.00000000,75.63540000,1650503025492,True,True
4671941,0.34070000,357.00000000,121.62990000,1650503025492,True,True
4671942,0.34060000,37.10000000,12.63626000,1650503025492,True,True
4671943,0.34060000,222.00000000,75.61320000,1650503025492,True,True
4671944,0.34060000,315.30000000,107.39118000,1650503025492,True,True
4671945,0.34060000,37.10000000,12.63626000,1650503025652,True,True
4671946,0.34060000,37.10000000,12.63626000,1650503025652,True,True
4671947,0.34060000,37.10000000,12.63626000,1650503025652,True,True
4671948,0.34060000,37.10000000,12.63626000,1650503025652,True,True
4671949,0.34060000,37.10000000,12.63626000,1650503025652,True,True
4671950,0.34060000,37.10000000,12.63626000,1650503025652,True,True
4671951,0.34060000,37.10000000,12.63626000,1650503025652,True,True
4671952,0.34060000,37.10000000,12.63626000,1650503025652,True,True
4671953,0.34060000,36.80000000,12.53408000,1650503025652,True,True
4671954,0.34040000,222.00000000,75.56880000,1650503025652,True,True
4671955,0.34040000,342.20000000,116.48488000,1650503025652,True,True
4671956,0.34030000,222.00000000,75.54660000,1650503025652,True,True
4671957,0.34020000,140.20000000,47.69604000,1650503025652,True,True
4671958,0.34040000,342.20000000,116.48488000,1650503025936,True,True
4671959,0.34030000,37.20000000,12.65916000,1650503025936,True,True
4671960,0.34030000,37.20000000,12.65916000,1650503025936,True,True
4671961,0.34030000,37.20000000,12.65916000,1650503025936,True,True
4671962,0.34030000,37.20000000,12.65916000,1650503025936,True,True
4671963,0.34030000,37.20000000,12.65916000,1650503025936,True,True
4671964,0.34030000,37.20000000,12.65916000,1650503025936,True,True
4671965,0.34030000,37.20000000,12.65916000,1650503025936,True,True
4671966,0.34030000,37.20000000,12.65916000,1650503025936,True,True
4671967,0.34030000,37.20000000,12.65916000,1650503025936,True,True
4671968,0.34030000,36.50000000,12.42095000,1650503025936,True,True
4671969,0.34020000,81.80000000,27.82836000,1650503025936,True,True
4671970,0.34020000,1854.70000000,630.96894000,1650503025936,True,True
4671971,0.34030000,151.50000000,51.55545000,1650503027619,True,True
4671972,0.34020000,233.00000000,79.26660000,1650503027619,True,True
4671973,0.34000000,104.50000000,35.53000000,1650503027619,True,True
4671974,0.34000000,523.80000000,178.09200000,1650503027619,True,True
4671975,0.33990000,79.20000000,26.92008000,1650503027619,True,True
4671976,0.34040000,37.10000000,12.62884000,1650503029220,False,True
4671977,0.34050000,69.40000000,23.63070000,1650503041914,False,True
4671978,0.34030000,69.50000000,23.65085000,1650503044190,True,True
4671979,0.34030000,37.10000000,12.62513000,1650503044190,True,True
4671980,0.34020000,151.50000000,51.54030000,1650503249017,True,True
4671981,0.34000000,222.00000000,75.48000000,1650503249017,True,True
4671982,0.33990000,37.20000000,12.64428000,1650503249017,True,True
4671983,0.33990000,29.50000000,10.02705000,1650503249017,True,True
4671984,0.33990000,222.00000000,75.45780000,1650503249017,True,True
4671985,0.33990000,37.20000000,12.64428000,1650503249017,True,True
4671986,0.33990000,1.00000000,0.33990000,1650503249017,True,True
4671987,0.33990000,37.20000000,12.64428000,1650503249017,True,True
4671988,0.33990000,37.20000000,12.64428000,1650503249017,True,True
4671989,0.33990000,37.20000000,12.64428000,1650503249017,True,True
4671990,0.33990000,37.20000000,12.64428000,1650503249017,True,True
4671991,0.33990000,37.20000000,12.64428000,1650503249017,True,True
4671992,0.33990000,37.20000000,12.64428000,1650503249017,True,True
4671993,0.33990000,37.20000000,12.64428000,1650503249017,True,True
4671994,0.33990000,37.00000000,12.57630000,1650503249017,True,True
4671995,0.33980000,102.80000000,34.93144000,1650503249017,True,True
4671996,0.33980000,29.40000000,9.99012000,1650503253973,True,True
4671997,0.33980000,834.20000000,283.46116000,1650503253973,True,True
4671998,0.33980000,222.00000000,75.43560000,1650503253973,True,True
4671999,0.33970000,135.00000000,45.85950000,1650503253973,True,True
4672000,0.33970000,50.30000000,17.08691000,1650503253973,True,True
4672001,0.33970000,146.80000000,49.86796000,1650503255684,True,True
4672002,0.34010000,49.30000000,16.76693000,1650503277611,False,True
4672003,0.34030000,72.60000000,24.70578000,1650503368986,False,True
4672004,0.34030000,69.50000000,23.65085000,1650503368986,False,True
4672005,0.34030000,74.00000000,25.18220000,1650503368986,False,True
4672006,0.34040000,59.20000000,20.15168000,1650503368986,False,True
4672007,0.34060000,147.10000000,50.10226000,1650503377188,False,True
4672008,0.34010000,151.50000000,51.52515000,1650503396611,True,True
4672009,0.33990000,2100.00000000,713.79000000,1650503396611,True,True
4672010,0.33980000,307.90000000,104.62442000,1650503396611,True,True
4672011,0.33970000,24.90000000,8.45853000,1650503396611,True,True
4672012,0.33960000,83.20000000,28.25472000,1650503396611,True,True
4672013,0.33960000,102.50000000,34.80900000,1650503396611,True,True
4672014,0.34040000,174.80000000,59.50192000,1650503580274,False,True
4672015,0.34040000,133.10000000,45.30724000,1650503592808,False,True
4672016,0.34040000,1095.80000000,373.01032000,1650503592808,False,True
4672017,0.34050000,1579.90000000,537.95595000,1650503592808,False,True
4672018,0.34070000,755.40000000,257.36478000,1650503592808,False,True
4672019,0.34020000,58.40000000,19.86768000,1650503623678,True,True
4672020,0.34020000,74.10000000,25.20882000,1650503623678,True,True
4672021,0.34020000,72.90000000,24.80058000,1650503623678,True,True
4672022,0.34010000,755.40000000,256.91154000,1650503623678,True,True
4672023,0.34010000,350.00000000,119.03500000,1650503623678,True,True
4672024,0.33970000,147.00000000,49.93590000,1650503626743,True,True
4672025,0.33970000,4.50000000,1.52865000,1650503626756,True,True
4672026,0.33970000,151.50000000,51.46455000,1650503637232,True,True
4672027,0.33960000,118.70000000,40.31052000,1650503638111,True,True
4672028,0.33970000,151.50000000,51.46455000,1650503646660,True,True
4672029,0.33970000,151.50000000,51.46455000,1650503658368,True,True
4672030,0.33970000,147.00000000,49.93590000,1650503723241,True,True
4672031,0.33970000,4.50000000,1.52865000,1650503724769,True,True
4672032,0.33970000,108.80000000,36.95936000,1650503724769,True,True
4672033,0.33970000,108.80000000,36.95936000,1650503724769,True,True
4672034,0.33970000,22.90000000,7.77913000,1650503724769,True,True
4672035,0.33970000,85.90000000,29.18023000,1650503726187,True,True
4672036,0.33970000,108.80000000,36.95936000,1650503726187,True,True
4672037,0.33970000,50.30000000,17.08691000,1650503726187,True,True
4672038,0.33980000,151.00000000,51.30980000,1650503726861,True,True
4672039,0.33980000,0.50000000,0.16990000,1650503726895,True,True
4672040,0.33970000,58.50000000,19.87245000,1650503726895,True,True
4672041,0.33970000,92.00000000,31.25240000,1650503726895,True,True
4672042,0.33970000,16.80000000,5.70696000,1650503728553,True,True
4672043,0.33970000,108.80000000,36.95936000,1650503728553,True,True
4672044,0.33970000,21.40000000,7.26958000,1650503728553,True,True
4672045,0.33960000,0.80000000,0.27168000,1650503870132,True,True
4672046,0.33960000,13914.80000000,4725.46608000,1650503870132,True,True
4672047,0.33940000,127.30000000,43.20562000,1650503887665,True,True
4672048,0.33940000,81.00000000,27.49140000,1650503887665,True,True
4672049,0.33930000,37.30000000,12.65589000,1650503887665,True,True
4672050,0.33930000,37.30000000,12.65589000,1650503887665,True,True
4672051,0.33930000,37.30000000,12.65589000,1650503887665,True,True
4672052,0.33930000,37.30000000,12.65589000,1650503887665,True,True
4672053,0.33930000,37.30000000,12.65589000,1650503887665,True,True
4672054,0.33930000,37.30000000,12.65589000,1650503887665,True,True
4672055,0.33930000,37.30000000,12.65589000,1650503887665,True,True
4672056,0.33930000,37.30000000,12.65589000,1650503887665,True,True
4672057,0.33930000,37.30000000,12.65589000,1650503887665,True,True
4672058,0.33930000,36.40000000,12.35052000,1650503887665,True,True
4672059,0.33900000,1120.90000000,379.98510000,1650503887665,True,True
4672060,0.33880000,312.10000000,105.73948000,1650503887665,True,True
4672061,0.33880000,26.60000000,9.01208000,1650503887665,True,True
4672062,0.33930000,72.90000000,24.73497000,1650503891214,False,True
4672063,0.33930000,74.10000000,25.14213000,1650503891214,False,True
4672064,0.33930000,58.40000000,19.81512000,1650503891214,False,True
4672065,0.33950000,9.80000000,3.32710000,1650503975623,False,True
4672066,0.34050000,147.20000000,50.12160000,1650504332320,False,True
4672067,0.34030000,554.30000000,188.62829000,1650504357413,True,True
4672068,0.34030000,983.80000000,334.78714000,1650504357413,True,True
4672069,0.34030000,724.60000000,246.58138000,1650504389695,False,True
4672070,0.34020000,1226.60000000,417.28932000,1650504403013,True,True
4672071,0.34010000,614.50000000,208.99145000,1650504403013,True,True
4672072,0.34010000,350.00000000,119.03500000,1650504403013,True,True
4672073,0.34000000,566.60000000,192.64400000,1650504403013,True,True
4672074,0.33970000,63.80000000,21.67286000,1650504415357,True,True
4672075,0.33970000,59.70000000,20.28009000,1650504415357,True,True
4672076,0.33970000,73.20000000,24.86604000,1650504415357,True,True
4672077,0.33960000,972.40000000,330.22704000,1650504415357,True,True
4672078,0.33990000,59.70000000,20.29203000,1650504415807,False,True
4672079,0.33990000,63.80000000,21.68562000,1650504415807,False,True
4672080,0.33940000,200.00000000,67.88000000,1650504566981,True,True
4672081,0.34000000,88.30000000,30.02200000,1650504675705,False,True
4672082,0.34000000,73.20000000,24.88800000,1650504739311,False,True
4672083,0.34010000,254.90000000,86.69149000,1650504743207,False,True
4672084,0.33960000,63.80000000,21.66648000,1650504753687,True,True
4672085,0.33960000,60.80000000,20.64768000,1650504753687,True,True
4672086,0.33960000,18.70000000,6.35052000,1650504753687,True,True
4672087,0.33970000,208.30000000,70.75951000,1650504868625,True,True
4672088,0.33960000,1757.70000000,596.91492000,1650504868671,False,True
4672089,0.33960000,444.00000000,150.78240000,1650504868714,False,True
4672090,0.33960000,56.00000000,19.01760000,1650504868724,False,True
4672091,0.33960000,882.80000000,299.79888000,1650504869353,False,True
4672092,0.33960000,1500.00000000,509.40000000,1650504870442,False,True
4672093,0.33960000,1420.60000000,482.43576000,1650504881524,False,True
4672094,0.33990000,60.80000000,20.66592000,1650504942426,False,True
4672095,0.33990000,63.20000000,21.48168000,1650504942426,False,True
4672096,0.34020000,302.70000000,102.97854000,1650504967377,False,True
4672097,0.34020000,1832.10000000,623.28042000,1650504967377,False,True
4672098,0.34070000,35.30000000,12.02671000,1650505002184,False,True
4672099,0.34070000,88.10000000,30.01567000,1650505096833,False,True
4672100,0.34070000,21.90000000,7.46133000,1650505445911,False,True
4672101,0.34070000,59.30000000,20.20351000,1650505445911,False,True
4672102,0.34030000,81.20000000,27.63236000,1650505498958,True,True
4672103,0.34090000,272.30000000,92.82707000,1650505562249,False,True
4672104,0.34100000,317.30000000,108.19930000,1650505562249,False,True
4672105,0.34090000,1579.90000000,538.58791000,1650505675597,False,True
4672106,0.34090000,168.50000000,57.44165000,1650505675597,False,True
4672107,0.34110000,174.80000000,59.62428000,1650505675597,False,True
4672108,0.34110000,97.50000000,33.25725000,1650505718212,False,True
4672109,0.34110000,108.50000000,37.00935000,1650505718212,False,True
4672110,0.34110000,32.30000000,11.01753000,1650505718212,False,True
4672111,0.34110000,108.50000000,37.00935000,1650505718212,False,True
4672112,0.34110000,108.50000000,37.00935000,1650505718212,False,True
4672113,0.34110000,108.50000000,37.00935000,1650505718212,False,True
4672114,0.34110000,108.50000000,37.00935000,1650505718212,False,True
4672115,0.34110000,108.50000000,37.00935000,1650505718212,False,True
4672116,0.34110000,108.50000000,37.00935000,1650505718212,False,True
4672117,0.34110000,108.50000000,37.00935000,1650505718212,False,True
4672118,0.34110000,108.50000000,37.00935000,1650505718212,False,True
4672119,0.34110000,50.40000000,17.19144000,1650505718212,False,True
4672120,0.34120000,2200.00000000,750.64000000,1650505718212,False,True
4672121,0.34120000,370.60000000,126.44872000,1650505718212,False,True
4672122,0.34140000,352.20000000,120.24108000,1650505718212,False,True
4672123,0.34150000,370.90000000,126.66235000,1650505718212,False,True
4672124,0.34150000,2214.40000000,756.21760000,1650505718212,False,True
4672125,0.34160000,143.80000000,49.12208000,1650505718212,False,True
4672126,0.34160000,357.90000000,122.25864000,1650505718212,False,True
4672127,0.34170000,127.30000000,43.49841000,1650505718212,False,True
4672128,0.34170000,81.00000000,27.67770000,1650505718212,False,True
4672129,0.34170000,966.80000000,330.35556000,1650505718212,False,True
4672130,0.34180000,786.20000000,268.72316000,1650505718212,False,True
4672131,0.34190000,83.20000000,28.44608000,1650505718212,False,True
4672132,0.34200000,135.00000000,46.17000000,1650505718212,False,True
4672133,0.34200000,945.60000000,323.39520000,1650505718212,False,True
4672134,0.34210000,132.20000000,45.22562000,1650505718212,False,True
4672135,0.34210000,79.20000000,27.09432000,1650505718212,False,True
4672136,0.34210000,1110.70000000,379.97047000,1650505718212,False,True
4672137,0.34220000,539.50000000,184.61690000,1650505718212,False,True
4672138,0.34250000,2087.70000000,715.03725000,1650505718212,False,True
4672139,0.34340000,126.70000000,43.50878000,1650505718212,False,True
4672140,0.34340000,80.60000000,27.67804000,1650505718212,False,True
4672141,0.34350000,49.00000000,16.83150000,1650505718212,False,True
4672142,0.34350000,575.40000000,197.64990000,1650505718212,False,True
4672143,0.34350000,54.50000000,18.72075000,1650505718212,False,True
4672144,0.34350000,54.50000000,18.72075000,1650505718212,False,True
4672145,0.34350000,54.50000000,18.72075000,1650505718212,False,True
4672146,0.34350000,54.50000000,18.72075000,1650505718212,False,True
4672147,0.34350000,54.50000000,18.72075000,1650505718212,False,True
4672148,0.34350000,54.50000000,18.72075000,1650505718212,False,True
4672149,0.34350000,54.50000000,18.72075000,1650505718212,False,True
4672150,0.34350000,54.50000000,18.72075000,1650505718212,False,True
4672151,0.34350000,54.50000000,18.72075000,1650505718212,False,True
4672152,0.34350000,53.90000000,18.51465000,1650505718212,False,True
4672153,0.34360000,82.80000000,28.45008000,1650505718212,False,True
4672154,0.34360000,5121.00000000,1759.57560000,1650505718212,False,True
4672155,0.34370000,134.30000000,46.15891000,1650505718212,False,True
4672156,0.34380000,131.50000000,45.20970000,1650505718212,False,True
4672157,0.34480000,229.10000000,78.99368000,1650505718212,False,True
4672158,0.34480000,35.30000000,12.17144000,1650505718212,False,True
4672159,0.34480000,88.00000000,30.34240000,1650505718212,False,True
4672160,0.34490000,97.90000000,33.76571000,1650505718212,False,True
4672161,0.34510000,80.20000000,27.67702000,1650505718212,False,True
4672162,0.34530000,126.00000000,43.50780000,1650505718212,False,True
4672163,0.34540000,82.40000000,28.46096000,1650505718212,False,True
4672164,0.34550000,133.60000000,46.15880000,1650505718212,False,True
4672165,0.34560000,130.90000000,45.23904000,1650505718212,False,True
4672166,0.34660000,49.00000000,16.98340000,1650505718212,False,True
4672167,0.34690000,79.80000000,27.68262000,1650505718212,False,True
4672168,0.34710000,82.00000000,28.46220000,1650505718212,False,True
4672169,0.34710000,125.30000000,43.49163000,1650505718212,False,True
4672170,0.34720000,133.00000000,46.17760000,1650505718212,False,True
4672171,0.34730000,130.30000000,45.25319000,1650505718212,False,True
4672172,0.34850000,222.50000000,77.54125000,1650505718212,False,True
4672173,0.34860000,79.40000000,27.67884000,1650505718212,False,True
4672174,0.34870000,1438.50000000,501.60495000,1650505718212,False,True
4672175,0.34880000,81.60000000,28.46208000,1650505718212,False,True
4672176,0.34890000,124.70000000,43.50783000,1650505718212,False,True
4672177,0.34900000,132.30000000,46.17270000,1650505718212,False,True
4672178,0.34910000,129.60000000,45.24336000,1650505718212,False,True
4672179,0.34950000,4168.80000000,1456.99560000,1650505718212,False,True
4672180,0.34940000,272.30000000,95.14162000,1650505718246,False,True
4672181,0.34950000,452.30000000,158.07885000,1650505718246,False,True
4672182,0.34350000,54.60000000,18.75510000,1650505718483,False,True
4672183,0.34350000,54.60000000,18.75510000,1650505718483,False,True
4672184,0.34350000,54.60000000,18.75510000,1650505718483,False,True
4672185,0.34350000,54.60000000,18.75510000,1650505718483,False,True
4672186,0.34350000,54.60000000,18.75510000,1650505718483,False,True
4672187,0.34350000,54.60000000,18.75510000,1650505718483,False,True
4672188,0.34350000,54.60000000,18.75510000,1650505718483,False,True
4672189,0.34350000,54.60000000,18.75510000,1650505718483,False,True
4672190,0.34350000,54.60000000,18.75510000,1650505718483,False,True
4672191,0.34350000,54.00000000,18.54900000,1650505718483,False,True
4672192,0.34380000,30.00000000,10.31400000,1650505718483,False,True
4672193,0.34530000,143.80000000,49.65414000,1650505718528,True,True
4672194,0.34240000,1076.40000000,368.55936000,1650505718528,True,True
4672195,0.34350000,143.80000000,49.39530000,1650505718593,False,True
4672196,0.34320000,397.60000000,136.45632000,1650505718616,True,True
4672197,0.34320000,177.80000000,61.02096000,1650505718624,True,True
4672198,0.34250000,575.40000000,197.07450000,1650505718641,True,True
