3264149,0.34030000,151.50000000,4670735,4670735,1650499200773,False,True
3264150,0.34040000,1094.10000000,4670736,4670736,1650499201329,False,True
3264151,0.34050000,144.00000000,4670737,4670737,1650499201329,False,True
3264152,0.34080000,110.10000000,4670738,4670738,1650499201434,True,True
3264153,0.34080000,128.00000000,4670739,4670739,1650499201436,True,True
3264154,0.34120000,319.90000000,4670740,4670740,1650499201512,False,True
3264155,0.34130000,1033.00000000,4670741,4670741,1650499201512,False,True
3264156,0.34160000,1437.10000000,4670742,4670743,1650499201512,False,True
3264157,0.34170000,352.10000000,4670744,4670746,1650499201580,False,True
3264158,0.34190000,83.20000000,4670747,4670747,1650499201580,False,True
3264159,0.34200000,619.20000000,4670748,4670758,1650499201580,False,True
3264160,0.34210000,132.20000000,4670759,4670759,1650499201580,False,True
3264161,0.34220000,13.30000000,4670760,4670760,1650499201580,False,True
3264162,0.34220000,325.60000000,4670761,4670762,1650499201711,False,True
3264163,0.34230000,114.40000000,4670763,4670763,1650499201711,False,True
3264164,0.34100000,240.10000000,4670764,4670764,1650499201728,True,True
3264165,0.34090000,2135.90000000,4670765,4670765,1650499201728,True,True
3264166,0.34120000,240.00000000,4670766,4670766,1650499201843,True,True
3264167,0.34140000,240.00000000,4670767,4670767,1650499201974,True,True
3264168,0.34150000,1678.00000000,4670768,4670768,1650499202039,True,True
3264169,0.34150000,693.00000000,4670769,4670769,1650499202088,True,True
3264170,0.34130000,63.00000000,4670770,4670770,1650499203241,True,True
3264171,0.34130000,129.50000000,4670771,4670773,1650499204328,True,True
3264172,0.34140000,192.50000000,4670774,4670776,1650499204958,False,True
3264173,0.34150000,1867.50000000,4670777,4670777,1650499204958,False,True
3264174,0.34100000,157.80000000,4670778,4670778,1650499205261,True,True
3264175,0.34180000,2677.90000000,4670779,4670779,1650499205493,False,True
3264176,0.34190000,397.90000000,4670780,4670781,1650499205493,False,True
3264177,0.34210000,843.20000000,4670782,4670792,1650499205493,False,True
3264178,0.34230000,131.00000000,4670793,4670793,1650499205493,False,True
3264179,0.34170000,64.00000000,4670794,4670794,1650499205683,True,True
3264180,0.34160000,176.00000000,4670795,4670795,1650499205683,True,True
3264181,0.34150000,330.00000000,4670796,4670796,1650499205749,True,True
3264182,0.34150000,626.00000000,4670797,4670797,1650499205922,True,True
3264183,0.34160000,62.20000000,4670798,4670798,1650499205986,True,True
3264184,0.34150000,1745.90000000,4670799,4670799,1650499206001,True,True
3264185,0.34220000,690.00000000,4670800,4670801,1650499206051,False,True
3264186,0.34240000,348.90000000,4670802,4670802,1650499206051,False,True
3264187,0.34260000,50.00000000,4670803,4670803,1650499206051,False,True
3264188,0.34280000,317.70000000,4670804,4670804,1650499206051,False,True
3264189,0.34190000,365.20000000,4670805,4670805,1650499206472,True,True
3264190,0.34180000,8.80000000,4670806,4670806,1650499206472,True,True
3264191,0.34190000,1663.00000000,4670807,4670808,1650499206530,True,True
3264192,0.34290000,490.00000000,4670809,4670810,1650499206613,False,True
3264193,0.34280000,62.20000000,4670811,4670811,1650499206722,False,True
3264194,0.34290000,2918.90000000,4670812,4670812,1650499206722,False,True
3264195,0.34300000,358.90000000,4670813,4670813,1650499206722,False,True
3264196,0.34220000,1918.00000000,4670814,4670815,1650499206774,True,True
3264197,0.34230000,125.00000000,4670816,4670817,1650499206802,True,True
3264198,0.34290000,63.00000000,4670818,4670818,1650499206996,False,True
3264199,0.34300000,177.00000000,4670819,4670820,1650499206996,False,True
3264200,0.34250000,240.10000000,4670821,4670821,1650499207048,True,True
3264201,0.34280000,320.00000000,4670822,4670828,1650499207056,False,True
3264202,0.34280000,154.10000000,4670829,4670832,1650499207065,False,True
3264203,0.34310000,240.10000000,4670833,4670833,1650499207065,False,True
3264204,0.34320000,165.80000000,4670834,4670834,1650499207065,False,True
3264205,0.34330000,240.10000000,4670835,4670835,1650499207115,False,True
3264206,0.34340000,207.30000000,4670836,4670837,1650499207115,False,True
3264207,0.34350000,49.00000000,4670838,4670838,1650499207115,False,True
3264208,0.34360000,43.60000000,4670839,4670839,1650499207115,False,True
3264209,0.34350000,62.00000000,4670840,4670840,1650499207663,False,True
3264210,0.34360000,39.20000000,4670841,4670841,1650499207663,False,True
3264211,0.34370000,134.30000000,4670842,4670842,1650499207663,False,True
3264212,0.34380000,124.50000000,4670843,4670843,1650499207663,False,True
3264213,0.34380000,7.00000000,4670844,4670844,1650499207813,False,True
3264214,0.34390000,933.00000000,4670845,4670853,1650499207813,False,True
3264215,0.34280000,346.40000000,4670854,4670854,1650499207854,True,True
3264216,0.34270000,1688.60000000,4670855,4670855,1650499207854,True,True
3264217,0.34280000,81.00000000,4670856,4670856,1650499207912,True,True
3264218,0.34300000,240.00000000,4670857,4670857,1650499208070,True,True
3264219,0.34300000,0.10000000,4670858,4670858,1650499208229,True,True
3264220,0.34300000,240.10000000,4670859,4670859,1650499208256,True,True
3264221,0.34290000,76.90000000,4670860,4670860,1650499208256,True,True
3264222,0.34270000,240.00000000,4670861,4670861,1650499208287,True,True
3264223,0.34290000,1208.00000000,4670862,4670862,1650499208502,True,True
3264224,0.34290000,204.10000000,4670863,4670863,1650499208511,True,True
3264225,0.34370000,81.00000000,4670864,4670864,1650499208525,False,True
3264226,0.34380000,1928.60000000,4670865,4670865,1650499208535,False,True
3264227,0.34390000,86.80000000,4670866,4670867,1650499208535,False,True
3264228,0.34400000,24.60000000,4670868,4670868,1650499208535,False,True
3264229,0.34400000,3850.40000000,4670869,4670871,1650499208546,False,True
3264230,0.34310000,390.00000000,4670872,4670872,1650499208603,True,True
3264231,0.34310000,62.10000000,4670873,4670874,1650499208678,True,True
3264232,0.34310000,1466.00000000,4670875,4670876,1650499208703,True,True
3264233,0.34420000,1412.10000000,4670877,4670877,1650499208747,False,True
3264234,0.34430000,167.90000000,4670878,4670879,1650499208747,False,True
3264235,0.34360000,216.10000000,4670880,4670880,1650499208817,False,True
3264236,0.34340000,1579.00000000,4670881,4670881,1650499208875,True,True
3264237,0.34350000,617.00000000,4670882,4670882,1650499208929,True,True
3264238,0.34410000,1463.90000000,4670883,4670883,1650499209014,False,True
3264239,0.34420000,1425.50000000,4670884,4670884,1650499209014,False,True
3264240,0.34430000,8.10000000,4670885,4670885,1650499209014,False,True
3264241,0.34440000,3038.20000000,4670886,4670887,1650499209014,False,True
3264242,0.34470000,94.30000000,4670888,4670888,1650499209014,False,True
3264243,0.34370000,88.50000000,4670889,4670889,1650499209126,True,True
3264244,0.34370000,816.00000000,4670890,4670891,1650499209216,True,True
3264245,0.34370000,0.80000000,4670892,4670892,1650499209238,True,True
3264246,0.34360000,79.10000000,4670893,4670893,1650499209238,True,True
3264247,0.34360000,33.10000000,4670894,4670894,1650499209258,True,True
3264248,0.34450000,617.00000000,4670895,4670895,1650499209419,False,True
3264249,0.34460000,434.80000000,4670896,4670896,1650499209419,False,True
3264250,0.34480000,390.00000000,4670897,4670897,1650499209419,False,True
3264251,0.34500000,910.20000000,4670898,4670900,1650499209419,False,True
3264252,0.34510000,80.20000000,4670901,4670901,1650499209419,False,True
3264253,0.34520000,32.30000000,4670902,4670902,1650499209419,False,True
3264254,0.34530000,468.30000000,4670903,4670904,1650499209419,False,True
3264255,0.34540000,167.20000000,4670905,4670906,1650499209419,False,True
3264256,0.34430000,472.00000000,4670907,4670916,1650499209815,False,True
3264257,0.34540000,4.60000000,4670917,4670917,1650499209815,False,True
3264258,0.34550000,133.60000000,4670918,4670918,1650499209815,False,True
3264259,0.34560000,35.70000000,4670919,4670919,1650499209815,False,True
3264260,0.34570000,1324.10000000,4670920,4670920,1650499209815,False,True
3264261,0.34380000,343.00000000,4670921,4670921,1650499209909,True,True
3264262,0.34390000,318.00000000,4670922,4670922,1650499209963,True,True
3264263,0.34570000,152.80000000,4670923,4670923,1650499209978,False,True
3264264,0.34600000,98.40000000,4670924,4670924,1650499209989,True,True
3264265,0.34410000,98.30000000,4670925,4670925,1650499210010,False,True
3264266,0.34410000,49.90000000,4670926,4670926,1650499210023,True,True
3264267,0.34630000,49.90000000,4670927,4670927,1650499210199,False,True
3264268,0.34640000,101.70000000,4670928,4670928,1650499210199,False,True
3264269,0.34650000,372.10000000,4670929,4670929,1650499210199,False,True
3264270,0.34660000,49.00000000,4670930,4670930,1650499210199,False,True
3264271,0.34680000,150.20000000,4670931,4670931,1650499210199,False,True
3264272,0.34690000,79.80000000,4670932,4670932,1650499210199,False,True
3264273,0.34700000,32.50000000,4670933,4670933,1650499210199,False,True
3264274,0.34710000,351.10000000,4670934,4670936,1650499210199,False,True
3264275,0.34720000,133.00000000,4670937,4670937,1650499210199,False,True
3264276,0.34730000,220.90000000,4670938,4670939,1650499210199,False,True
3264277,0.34750000,390.10000000,4670940,4670940,1650499210199,False,True
3264278,0.34550000,44.60000000,4670941,4670941,1650499210521,True,True
3264279,0.34550000,1535.30000000,4670942,4670942,1650499210543,True,True
3264280,0.34540000,43.70000000,4670943,4670943,1650499210543,True,True
3264281,0.34540000,335.50000000,4670944,4670946,1650499210673,True,True
3264282,0.34730000,1579.90000000,4670947,4670947,1650499210681,False,True
3264283,0.34740000,240.10000000,4670948,4670948,1650499210681,False,True
3264284,0.34770000,1490.00000000,4670949,4670949,1650499210681,False,True
3264285,0.34550000,366.50000000,4670950,4670950,1650499210685,True,True
3264286,0.34560000,1579.90000000,4670951,4670951,1650499210689,True,True
3264287,0.34550000,31.00000000,4670952,4670952,1650499210689,True,True
3264288,0.34580000,349.70000000,4670953,4670953,1650499210870,True,True
3264289,0.34580000,396.80000000,4670954,4670954,1650499210896,True,True
3264290,0.34550000,113.00000000,4670955,4670955,1650499210949,True,True
3264291,0.34550000,1353.90000000,4670956,4670956,1650499210961,True,True
3264292,0.34560000,336.10000000,4670957,4670957,1650499210997,True,True
3264293,0.34560000,383.30000000,4670958,4670959,1650499210998,True,True
3264294,0.34570000,113.00000000,4670960,4670960,1650499211010,True,True
3264295,0.34550000,113.00000000,4670961,4670961,1650499211040,True,True
3264296,0.34570000,387.00000000,4670962,4670962,1650499211156,True,True
3264297,0.34560000,332.50000000,4670963,4670963,1650499211156,True,True
3264298,0.34530000,265.60000000,4670964,4670964,1650499211156,True,True
3264299,0.34480000,328.80000000,4670965,4670965,1650499211248,True,True
3264300,0.34470000,500.20000000,4670966,4670967,1650499211248,True,True
3264301,0.34450000,437.50000000,4670968,4670968,1650499211248,True,True
3264302,0.34350000,145.30000000,4670969,4670969,1650499211248,True,True
3264303,0.34330000,726.90000000,4670970,4670970,1650499211248,True,True
3264304,0.34300000,422.30000000,4670971,4670971,1650499211248,True,True
3264305,0.34290000,575.40000000,4670972,4670972,1650499211248,True,True
3264306,0.34260000,1466.60000000,4670973,4670974,1650499211248,True,True
3264307,0.34540000,2350.40000000,4670975,4670976,1650499211946,False,True
3264308,0.34550000,873.70000000,4670977,4670991,1650499211946,False,True
3264309,0.34590000,143.80000000,4670992,4670992,1650499211946,False,True
3264310,0.34620000,726.90000000,4670993,4671002,1650499211946,False,True
3264311,0.34660000,751.10000000,4671003,4671004,1650499211946,False,True
3264312,0.34670000,530.10000000,4671005,4671007,1650499211946,False,True
3264313,0.34680000,534.00000000,4671008,4671010,1650499211946,False,True
3264314,0.34660000,35.00000000,4671011,4671011,1650499212128,False,True
3264315,0.34650000,126.90000000,4671012,4671012,1650499212412,False,True
3264316,0.34660000,240.10000000,4671013,4671013,1650499212412,False,True
3264317,0.34670000,317.30000000,4671014,4671014,1650499212412,False,True
3264318,0.34680000,765.70000000,4671015,4671016,1650499212412,False,True
3264319,0.34700000,143.80000000,4671017,4671017,1650499212412,False,True
3264320,0.34710000,723.10000000,4671018,4671019,1650499212412,False,True
3264321,0.34770000,2029.10000000,4671020,4671021,1650499212412,False,True
3264322,0.34800000,233.30000000,4671022,4671024,1650499212412,False,True
3264323,0.34860000,40.70000000,4671025,4671025,1650499212412,False,True
3264324,0.34860000,160.60000000,4671026,4671027,1650499212423,False,True
3264325,0.34880000,81.60000000,4671028,4671028,1650499212423,False,True
3264326,0.34890000,124.70000000,4671029,4671029,1650499212423,False,True
3264327,0.34900000,132.30000000,4671030,4671030,1650499212423,False,True
3264328,0.34910000,33.00000000,4671031,4671031,1650499212423,False,True
3264329,0.34580000,73.50000000,4671032,4671032,1650499212488,True,True
3264330,0.34590000,1579.90000000,4671033,4671033,1650499212513,True,True
3264331,0.34580000,190.10000000,4671034,4671035,1650499212513,True,True
3264332,0.34600000,30.00000000,4671036,4671036,1650499212645,True,True
3264333,0.34600000,208.60000000,4671037,4671037,1650499212650,True,True
3264334,0.34620000,441.70000000,4671038,4671039,1650499212698,True,True
3264335,0.34610000,1535.30000000,4671040,4671040,1650499212698,True,True
3264336,0.34610000,442.00000000,4671041,4671041,1650499212727,True,True
3264337,0.34720000,1535.30000000,4671042,4671042,1650499212736,False,True
3264338,0.34730000,134.70000000,4671043,4671043,1650499212736,False,True
3264339,0.34730000,176.40000000,4671044,4671044,1650499212751,False,True
3264340,0.34750000,43.60000000,4671045,4671045,1650499212751,False,True
3264341,0.34760000,268.10000000,4671046,4671051,1650499212751,False,True
3264342,0.34760000,37.20000000,4671052,4671053,1650499212767,False,True
3264343,0.34630000,69.00000000,4671054,4671054,1650499212812,True,True
3264344,0.34640000,1579.90000000,4671055,4671055,1650499212852,True,True
3264345,0.34630000,1937.20000000,4671056,4671061,1650499212852,True,True
3264346,0.34610000,0.10000000,4671062,4671062,1650499212852,True,True
3264347,0.34590000,17.50000000,4671063,4671063,1650499212852,True,True
3264348,0.34590000,37.90000000,4671064,4671064,1650499212863,True,True
3264349,0.34620000,37.30000000,4671065,4671065,1650499213005,True,True
3264350,0.34630000,585.00000000,4671066,4671067,1650499213107,True,True
3264351,0.34720000,130.60000000,4671068,4671068,1650499213120,False,True
3264352,0.34730000,1820.00000000,4671069,4671070,1650499213120,False,True
3264353,0.34740000,125.50000000,4671071,4671071,1650499213120,False,True
3264354,0.34750000,390.90000000,4671072,4671072,1650499213120,False,True
3264355,0.34760000,13.00000000,4671073,4671073,1650499213120,False,True
3264356,0.34740000,122.30000000,4671074,4671074,1650499213204,False,True
3264357,0.34760000,149.20000000,4671075,4671078,1650499213204,False,True
3264358,0.34660000,953.30000000,4671079,4671079,1650499213239,True,True
3264359,0.34650000,1579.90000000,4671080,4671080,1650499213239,True,True
3264360,0.34640000,256.10000000,4671081,4671082,1650499213239,True,True
3264361,0.34630000,329.80000000,4671083,4671084,1650499213239,True,True
3264362,0.34620000,338.50000000,4671085,4671085,1650499213239,True,True
3264363,0.34610000,327.90000000,4671086,4671086,1650499213239,True,True
3264364,0.34590000,1635.10000000,4671087,4671087,1650499213239,True,True
3264365,0.34630000,44.10000000,4671088,4671088,1650499213458,True,True
3264366,0.34860000,43.00000000,4671089,4671089,1650499213678,False,True
3264367,0.34680000,44.10000000,4671090,4671090,1650499213898,True,True
3264368,0.34690000,347.40000000,4671091,4671091,1650499213954,True,True
3264369,0.34680000,125.60000000,4671092,4671092,1650499213954,True,True
3264370,0.34790000,43.10000000,4671093,4671093,1650499214135,False,True
3264371,0.34710000,165.00000000,4671094,4671095,1650499214337,True,True
3264372,0.34630000,87.50000000,4671096,4671096,1650499214516,True,True
3264373,0.34630000,43.90000000,4671097,4671097,1650499214585,True,True
3264374,0.34640000,43.70000000,4671098,4671098,1650499214804,True,True
3264375,0.34660000,29.20000000,4671099,4671099,1650499215287,True,True
3264376,0.34660000,210.90000000,4671100,4671100,1650499216119,True,True
3264377,0.34650000,639.10000000,4671101,4671101,1650499216119,True,True
3264378,0.34690000,34.60000000,4671102,4671102,1650499216699,False,True
3264379,0.34680000,240.10000000,4671103,4671103,1650499217005,False,True
3264380,0.34690000,34.60000000,4671104,4671104,1650499217340,False,True
3264381,0.34690000,238.70000000,4671105,4671105,1650499218066,False,True
3264382,0.34690000,645.40000000,4671106,4671106,1650499218151,False,True
3264383,0.34690000,444.40000000,4671107,4671107,1650499218601,True,True
3264384,0.34690000,44.40000000,4671108,4671108,1650499218682,True,True
3264385,0.34750000,34.50000000,4671109,4671109,1650499218692,False,True
3264386,0.34690000,34.60000000,4671110,4671110,1650499218736,True,True
3264387,0.34690000,362.00000000,4671111,4671112,1650499219431,True,True
3264388,0.34690000,240.10000000,4671113,4671113,1650499219652,True,True
3264389,0.34680000,498.10000000,4671114,4671114,1650499219652,True,True
3264390,0.34680000,283.40000000,4671115,4671115,1650499219752,True,True
3264391,0.34730000,650.00000000,4671116,4671116,1650499220449,False,True
3264392,0.34680000,435.00000000,4671117,4671117,1650499221609,True,True
3264393,0.34680000,90.00000000,4671118,4671118,1650499222815,True,True
3264394,0.34680000,1029.10000000,4671119,4671119,1650499222866,True,True
3264395,0.34660000,132.30000000,4671120,4671120,1650499222866,True,True
3264396,0.34650000,465.80000000,4671121,4671122,1650499222866,True,True
3264397,0.34640000,70.80000000,4671123,4671123,1650499222866,True,True
3264398,0.34640000,288.60000000,4671124,4671125,1650499223179,True,True
3264399,0.34690000,50.00000000,4671126,4671126,1650499223478,False,True
3264400,0.34630000,180.00000000,4671127,4671127,1650499223776,True,True
3264401,0.34620000,79.40000000,4671128,4671128,1650499223960,True,True
3264402,0.34660000,240.00000000,4671129,4671129,1650499224122,False,True
3264403,0.34680000,518.00000000,4671130,4671130,1650499224244,False,True
3264404,0.34620000,120.10000000,4671131,4671131,1650499224726,True,True
3264405,0.34620000,280.30000000,4671132,4671133,1650499224736,True,True
3264406,0.34620000,29.60000000,4671134,4671134,1650499225167,True,True
3264407,0.34620000,53.20000000,4671135,4671135,1650499225949,False,True
3264408,0.34660000,302.10000000,4671136,4671136,1650499227295,False,True
3264409,0.34660000,346.00000000,4671137,4671137,1650499227789,False,True
3264410,0.34610000,36.10000000,4671138,4671138,1650499228274,True,True
3264411,0.34660000,1792.00000000,4671139,4671139,1650499228853,False,True
3264412,0.34660000,1027.40000000,4671140,4671140,1650499228863,False,True
3264413,0.34670000,130.00000000,4671141,4671141,1650499229187,False,True
3264414,0.34680000,1716.20000000,4671142,4671142,1650499229498,False,True
3264415,0.34670000,126.00000000,4671143,4671143,1650499229697,False,True
3264416,0.34670000,91.50000000,4671144,4671144,1650499229791,True,True
3264417,0.34730000,295.00000000,4671145,4671145,1650499230332,False,True
3264418,0.34720000,86.50000000,4671146,4671146,1650499231819,False,True
3264419,0.34730000,150.00000000,4671147,4671147,1650499236477,False,True
3264420,0.34690000,256.30000000,4671148,4671149,1650499241644,True,True
3264421,0.34680000,1252.40000000,4671150,4671151,1650499241657,True,True
3264422,0.34660000,72.20000000,4671152,4671152,1650499241681,True,True
3264423,0.34630000,326.00000000,4671153,4671153,1650499241823,True,True
3264424,0.34610000,676.20000000,4671154,4671155,1650499241823,True,True
3264425,0.34600000,777.80000000,4671156,4671156,1650499241823,True,True
3264426,0.34600000,240.10000000,4671157,4671157,1650499242870,False,True
3264427,0.34590000,130.00000000,4671158,4671158,1650499242981,False,True
3264428,0.34590000,29.20000000,4671159,4671159,1650499246633,True,True
3264429,0.34550000,470.80000000,4671160,4671160,1650499246633,True,True
3264430,0.34640000,1101.60000000,4671161,4671161,1650499249312,False,True
3264431,0.34630000,248.20000000,4671162,4671163,1650499249947,False,True
3264432,0.34640000,135.80000000,4671164,4671164,1650499249947,False,True
3264433,0.34660000,240.10000000,4671165,4671165,1650499249947,False,True
3264434,0.34670000,285.90000000,4671166,4671166,1650499249947,False,True
3264435,0.34670000,7.70000000,4671167,4671167,1650499250000,False,True
3264436,0.34680000,240.10000000,4671168,4671168,1650499250000,False,True
3264437,0.34700000,36.40000000,4671169,4671169,1650499250000,False,True
3264438,0.34710000,348.00000000,4671170,4671170,1650499250000,False,True
3264439,0.34730000,0.90000000,4671171,4671171,1650499250000,False,True
3264440,0.34730000,372.50000000,4671172,4671172,1650499250468,False,True
3264441,0.34740000,177.50000000,4671173,4671173,1650499250468,False,True
3264442,0.34760000,34.70000000,4671174,4671174,1650499250729,False,True
3264443,0.34750000,240.10000000,4671175,4671175,1650499253777,False,True
3264444,0.34760000,432.80000000,4671176,4671185,1650499253777,False,True
3264445,0.34770000,335.80000000,4671186,4671186,1650499253777,False,True
3264446,0.34790000,726.70000000,4671187,4671189,1650499253777,False,True
3264447,0.34810000,380.50000000,4671190,4671191,1650499253777,False,True
3264448,0.34820000,324.60000000,4671192,4671192,1650499253777,False,True
3264449,0.34830000,326.00000000,4671193,4671193,1650499253777,False,True
3264450,0.34840000,35.00000000,4671194,4671194,1650499253777,False,True
3264451,0.34860000,392.90000000,4671195,4671198,1650499253777,False,True
3264452,0.34880000,420.10000000,4671199,4671200,1650499253777,False,True
3264453,0.34890000,7.50000000,4671201,4671201,1650499253777,False,True
3264454,0.34740000,123.70000000,4671202,4671203,1650499254242,True,True
3264455,0.34760000,287.80000000,4671204,4671204,1650499254251,True,True
3264456,0.34760000,15.90000000,4671205,4671205,1650499254253,True,True
3264457,0.34740000,64.60000000,4671206,4671206,1650499254253,True,True
3264458,0.34730000,64.60000000,4671207,4671207,1650499254278,True,True
3264459,0.34720000,346.50000000,4671208,4671208,1650499254524,True,True
3264460,0.34660000,349.40000000,4671209,4671209,1650499254879,True,True
3264461,0.34640000,81.60000000,4671210,4671210,1650499257498,True,True
3264462,0.34620000,46.50000000,4671211,4671211,1650499260318,True,True
3264463,0.34690000,439.30000000,4671212,4671214,1650499260525,False,True
3264464,0.34700000,110.70000000,4671215,4671215,1650499260525,False,True
3264465,0.34750000,31.80000000,4671216,4671216,1650499263632,False,True
3264466,0.34690000,126.20000000,4671217,4671218,1650499268765,True,True
3264467,0.34700000,253.60000000,4671219,4671219,1650499269398,False,True
3264468,0.34740000,65.00000000,4671220,4671220,1650499272452,False,True
3264469,0.34750000,245.80000000,4671221,4671221,1650499272452,False,True
3264470,0.34750000,174.00000000,4671222,4671222,1650499272460,True,True
3264471,0.34720000,269.20000000,4671223,4671223,1650499275455,False,True
3264472,0.34740000,60.30000000,4671224,4671224,1650499275455,False,True
3264473,0.34760000,86.50000000,4671225,4671225,1650499275455,False,True
3264474,0.34760000,219.20000000,4671226,4671226,1650499278462,False,True
3264475,0.34780000,346.50000000,4671227,4671227,1650499278462,False,True
3264476,0.34780000,50.00000000,4671228,4671228,1650499278469,True,True
3264477,0.34730000,50.00000000,4671229,4671229,1650499278508,True,True
3264478,0.34740000,344.90000000,4671230,4671230,1650499278564,True,True
3264479,0.34730000,299.20000000,4671231,4671231,1650499278564,True,True
3264480,0.34750000,684.30000000,4671232,4671235,1650499278612,True,True
3264481,0.34740000,240.10000000,4671236,4671236,1650499278644,True,True
3264482,0.34730000,107.80000000,4671237,4671237,1650499278644,True,True
3264483,0.34740000,240.10000000,4671238,4671238,1650499278701,True,True
3264484,0.34740000,240.10000000,4671239,4671239,1650499278762,True,True
3264485,0.34730000,1500.00000000,4671240,4671240,1650499279057,True,True
3264486,0.34750000,189.00000000,4671241,4671243,1650499281455,False,True
3264487,0.34760000,240.10000000,4671244,4671244,1650499281455,False,True
3264488,0.34700000,170.00000000,4671245,4671245,1650499281685,True,True
3264489,0.34760000,240.10000000,4671246,4671246,1650499284458,False,True
3264490,0.34770000,1907.00000000,4671247,4671247,1650499284458,False,True
3264491,0.34770000,50.00000000,4671248,4671248,1650499284465,True,True
3264492,0.34720000,589.40000000,4671249,4671250,1650499284536,True,True
3264493,0.34730000,240.10000000,4671251,4671251,1650499285847,False,True
3264494,0.34730000,57.00000000,4671252,4671252,1650499287382,False,True
3264495,0.34700000,536.10000000,4671253,4671253,1650499290514,True,True
3264496,0.34670000,10.30000000,4671254,4671254,1650499301842,False,True
3264497,0.34670000,178.30000000,4671255,4671255,1650499302498,False,True
3264498,0.34680000,292.50000000,4671256,4671258,1650499302498,False,True
3264499,0.34720000,240.10000000,4671259,4671259,1650499303112,True,True
3264500,0.34720000,37.30000000,4671260,4671260,1650499303146,True,True
3264501,0.34720000,202.80000000,4671261,4671261,1650499303285,True,True
3264502,0.34770000,51.00000000,4671262,4671262,1650499305537,False,True
3264503,0.34770000,50.00000000,4671263,4671263,1650499305550,True,True
3264504,0.34710000,50.00000000,4671264,4671264,1650499305571,True,True
3264505,0.34710000,416.00000000,4671265,4671265,1650499305603,True,True
3264506,0.34760000,240.10000000,4671266,4671266,1650499308581,False,True
3264507,0.34770000,467.00000000,4671267,4671268,1650499308581,False,True
3264508,0.34770000,50.00000000,4671269,4671269,1650499308594,True,True
3264509,0.34720000,240.10000000,4671270,4671270,1650499308720,True,True
3264510,0.34710000,193.00000000,4671271,4671271,1650499308783,True,True
3264511,0.34710000,160.00000000,4671272,4671272,1650499308899,True,True
3264512,0.34710000,141.50000000,4671273,4671274,1650499309357,True,True
3264513,0.34750000,141.50000000,4671275,4671276,1650499323705,False,True
3264514,0.34760000,240.10000000,4671277,4671277,1650499323705,False,True
3264515,0.34770000,394.40000000,4671278,4671279,1650499323705,False,True
3264516,0.34780000,61.10000000,4671280,4671280,1650499323705,False,True
3264517,0.34790000,229.30000000,4671281,4671281,1650499323705,False,True
3264518,0.34730000,173.60000000,4671282,4671282,1650499323872,True,True
3264519,0.34730000,248.50000000,4671283,4671284,1650499323939,True,True
3264520,0.34720000,127.10000000,4671285,4671286,1650499324030,True,True
3264521,0.34680000,1757.70000000,4671287,4671287,1650499325985,True,True
3264522,0.34680000,459.80000000,4671288,4671289,1650499325988,True,True
3264523,0.34670000,1297.90000000,4671290,4671291,1650499325988,True,True
3264524,0.34670000,903.80000000,4671292,4671292,1650499326186,True,True
3264525,0.34660000,240.00000000,4671293,4671293,1650499326648,False,True
3264526,0.34620000,32.90000000,4671294,4671294,1650499326761,True,True
3264527,0.34600000,131.30000000,4671295,4671296,1650499327349,False,True
3264528,0.34610000,240.10000000,4671297,4671297,1650499327349,False,True
3264529,0.34620000,2349.70000000,4671298,4671299,1650499327349,False,True
3264530,0.34670000,168.90000000,4671300,4671300,1650499327349,False,True
3264531,0.34660000,45.40000000,4671301,4671301,1650499332293,False,True
3264532,0.34660000,16.70000000,4671302,4671302,1650499333172,False,True
3264533,0.34670000,13.30000000,4671303,4671303,1650499333920,False,True
3264534,0.34670000,104.10000000,4671304,4671304,1650499336175,True,True
3264535,0.34710000,576.80000000,4671305,4671305,1650499355106,True,True
3264536,0.34650000,193.70000000,4671306,4671308,1650499366573,True,True
3264537,0.34650000,500.00000000,4671309,4671309,1650499366604,False,True
3264538,0.34650000,1272.70000000,4671310,4671310,1650499367073,False,True
3264539,0.34630000,1008.90000000,4671311,4671320,1650499369622,True,True
3264540,0.34620000,402.70000000,4671321,4671321,1650499369647,True,True
3264541,0.34620000,2000.00000000,4671322,4671322,1650499369655,True,True
3264542,0.34620000,1970.00000000,4671323,4671323,1650499372147,True,True
3264543,0.34620000,0.80000000,4671324,4671324,1650499372401,True,True
3264544,0.34540000,339.20000000,4671325,4671325,1650499372401,True,True
3264545,0.34510000,58.60000000,4671326,4671326,1650499372474,True,True
3264546,0.34490000,130.30000000,4671327,4671327,1650499375233,True,True
3264547,0.34480000,60.90000000,4671328,4671328,1650499375233,True,True
3264548,0.34490000,1065.30000000,4671329,4671329,1650499378249,True,True
3264549,0.34480000,303.30000000,4671330,4671331,1650499389789,True,True
3264550,0.34480000,147.70000000,4671332,4671332,1650499389856,True,True
3264551,0.34470000,2184.70000000,4671333,4671335,1650499404657,True,True
3264552,0.34470000,98.60000000,4671336,4671336,1650499404669,False,True
3264553,0.34470000,1859.40000000,4671337,4671337,1650499404687,False,True
3264554,0.34460000,240.00000000,4671338,4671338,1650499405351,False,True
3264555,0.34450000,79.80000000,4671339,4671339,1650499407655,True,True
3264556,0.34420000,240.10000000,4671340,4671340,1650499407738,False,True
3264557,0.34450000,45.40000000,4671341,4671341,1650499415483,False,True
3264558,0.34460000,511.20000000,4671342,4671344,1650499430076,False,True
3264559,0.34490000,86.30000000,4671345,4671346,1650499444948,False,True
3264560,0.34500000,530.80000000,4671347,4671349,1650499444948,False,True
3264561,0.34500000,54.10000000,4671350,4671350,1650499450662,False,True
3264562,0.34500000,8.00000000,4671351,4671351,1650499450843,False,True
3264563,0.34520000,66.50000000,4671352,4671352,1650499453883,False,True
3264564,0.34520000,50.00000000,4671353,4671353,1650499453894,True,True
3264565,0.34530000,53.10000000,4671354,4671354,1650499460666,False,True
3264566,0.34530000,1766.10000000,4671355,4671355,1650499461598,False,True
3264567,0.34550000,97.10000000,4671356,4671358,1650499461598,False,True
3264568,0.34540000,240.10000000,4671359,4671359,1650499474250,False,True
3264569,0.34550000,80.10000000,4671360,4671361,1650499474250,False,True
3264570,0.34510000,377.00000000,4671362,4671362,1650499474447,True,True
3264571,0.34500000,337.90000000,4671363,4671363,1650499477177,True,True
3264572,0.34500000,89.00000000,4671364,4671364,1650499479831,True,True
3264573,0.34500000,0.70000000,4671365,4671365,1650499479867,True,True
3264574,0.34470000,1865.80000000,4671366,4671366,1650499538433,False,True
3264575,0.34510000,241.50000000,4671367,4671367,1650499551605,False,True
3264576,0.34550000,336.70000000,4671368,4671368,1650499551605,False,True
3264577,0.34550000,50.00000000,4671369,4671369,1650499551611,True,True
3264578,0.34600000,469.70000000,4671370,4671370,1650499562577,False,True
3264579,0.34620000,375.50000000,4671371,4671372,1650499562577,False,True
3264580,0.34590000,49.10000000,4671373,4671373,1650499563821,True,True
3264581,0.34620000,469.40000000,4671374,4671374,1650499565647,False,True
3264582,0.34630000,1579.90000000,4671375,4671375,1650499565647,False,True
3264583,0.34630000,50.00000000,4671376,4671376,1650499565688,True,True
3264584,0.34590000,99.00000000,4671377,4671377,1650499566092,True,True
3264585,0.34630000,68.80000000,4671378,4671378,1650499572444,False,True
3264586,0.34640000,534.60000000,4671379,4671380,1650499572444,False,True
3264587,0.34650000,358.30000000,4671381,4671381,1650499572444,False,True
3264588,0.34670000,356.00000000,4671382,4671382,1650499572444,False,True
3264589,0.34680000,373.50000000,4671383,4671383,1650499572444,False,True
3264590,0.34690000,413.90000000,4671384,4671385,1650499572444,False,True
3264591,0.34700000,468.30000000,4671386,4671395,1650499572444,False,True
3264592,0.34710000,2797.50000000,4671396,4671398,1650499572444,False,True
3264593,0.34720000,133.00000000,4671399,4671399,1650499572444,False,True
3264594,0.34730000,130.30000000,4671400,4671400,1650499572444,False,True
3264595,0.34740000,5183.10000000,4671401,4671401,1650499572444,False,True
3264596,0.34750000,143.80000000,4671402,4671402,1650499572444,False,True
3264597,0.34860000,79.40000000,4671403,4671403,1650499572444,False,True
3264598,0.34880000,81.60000000,4671404,4671404,1650499572444,False,True
3264599,0.34890000,117.20000000,4671405,4671405,1650499572444,False,True
3264600,0.34900000,132.30000000,4671406,4671406,1650499572444,False,True
3264601,0.34910000,96.60000000,4671407,4671407,1650499572444,False,True
3264602,0.34930000,1972.80000000,4671408,4671408,1650499572444,False,True
3264603,0.34950000,5506.10000000,4671409,4671410,1650499572444,False,True
3264604,0.34960000,575.40000000,4671411,4671411,1650499572444,False,True
3264605,0.34970000,195.90000000,4671412,4671413,1650499572444,False,True
3264606,0.34980000,230.50000000,4671414,4671414,1650499572444,False,True
3264607,0.34990000,1588.40000000,4671415,4671416,1650499572444,False,True
3264608,0.35000000,7137.90000000,4671417,4671432,1650499572444,False,True
3264609,0.34750000,240.10000000,4671433,4671433,1650499572693,True,True
3264610,0.34740000,65.90000000,4671434,4671434,1650499572693,True,True
3264611,0.34730000,473.30000000,4671435,4671436,1650499572693,True,True
3264612,0.34720000,1625.50000000,4671437,4671437,1650499573864,False,True
3264613,0.34720000,605.00000000,4671438,4671438,1650499574188,False,True
3264614,0.34700000,307.60000000,4671439,4671439,1650499575250,True,True
3264615,0.34760000,130.80000000,4671440,4671441,1650499576597,True,True
3264616,0.34740000,65.00000000,4671442,4671442,1650499576630,True,True
3264617,0.34740000,228.00000000,4671443,4671443,1650499576636,True,True
3264618,0.34740000,39.20000000,4671444,4671444,1650499576756,True,True
3264619,0.34730000,107.80000000,4671445,4671445,1650499576756,True,True
3264620,0.34730000,93.00000000,4671446,4671446,1650499576791,True,True
3264621,0.34750000,355.00000000,4671447,4671447,1650499577458,True,True
3264622,0.34790000,54.40000000,4671448,4671448,1650499577634,False,True
3264623,0.34720000,196.70000000,4671449,4671451,1650499584429,False,True
3264624,0.34730000,90.70000000,4671452,4671452,1650499584429,False,True
3264625,0.34740000,71.80000000,4671453,4671453,1650499584507,False,True
3264626,0.34730000,162.20000000,4671454,4671454,1650499590732,True,True
3264627,0.34750000,97.90000000,4671455,4671455,1650499593938,True,True
3264628,0.34780000,130.60000000,4671456,4671457,1650499593991,True,True
3264629,0.34770000,133.60000000,4671458,4671458,1650499593991,True,True
3264630,0.34780000,130.60000000,4671459,4671459,1650499594022,True,True
3264631,0.34760000,185.20000000,4671460,4671460,1650499594058,True,True
3264632,0.34770000,66.40000000,4671461,4671461,1650499594093,True,True
3264633,0.34730000,521.50000000,4671462,4671463,1650499594093,True,True
3264634,0.34740000,143.80000000,4671464,4671464,1650499594108,True,True
3264635,0.34690000,143.80000000,4671465,4671465,1650499597839,True,True
3264636,0.34680000,376.50000000,4671466,4671466,1650499597839,True,True
3264637,0.34670000,567.70000000,4671467,4671468,1650499597839,True,True
3264638,0.34670000,129.00000000,4671469,4671469,1650499597856,True,True
3264639,0.34670000,50.90000000,4671470,4671470,1650499597858,True,True
3264640,0.34670000,84.30000000,4671471,4671471,1650499597860,True,True
3264641,0.34660000,41.60000000,4671472,4671472,1650499597860,True,True
3264642,0.34660000,51.90000000,4671473,4671474,1650499597862,True,True
3264643,0.34660000,87.80000000,4671475,4671475,1650499598234,True,True
3264644,0.34650000,124.70000000,4671476,4671476,1650499598234,True,True
3264645,0.34640000,81.60000000,4671477,4671477,1650499598234,True,True
3264646,0.34620000,43.70000000,4671478,4671478,1650499602987,True,True
3264647,0.34670000,43.20000000,4671479,4671479,1650499603212,False,True
3264648,0.34620000,3597.70000000,4671480,4671481,1650499614837,True,True
3264649,0.34600000,68.60000000,4671482,4671482,1650499615374,False,True
3264650,0.34560000,68.90000000,4671483,4671483,1650499632719,True,True
3264651,0.34560000,170.00000000,4671484,4671484,1650499632828,False,True
3264652,0.34560000,4943.90000000,4671485,4671485,1650499632838,False,True
3264653,0.34560000,1480.70000000,4671486,4671486,1650499632861,False,True
3264654,0.34560000,2238.00000000,4671487,4671487,1650499635351,False,True
3264655,0.34560000,3000.70000000,4671488,4671488,1650499635467,False,True
3264656,0.34560000,597.90000000,4671489,4671489,1650499635502,False,True
3264657,0.34570000,143.80000000,4671490,4671490,1650499638665,True,True
3264658,0.34570000,428.60000000,4671491,4671491,1650499638678,False,True
3264659,0.34570000,132.00000000,4671492,4671492,1650499638683,False,True
3264660,0.34540000,657.00000000,4671493,4671493,1650499647120,False,True
3264661,0.34540000,657.00000000,4671494,4671494,1650499647122,False,True
3264662,0.34560000,264.20000000,4671495,4671495,1650499648189,False,True
3264663,0.34570000,918.70000000,4671496,4671496,1650499648189,False,True
3264664,0.34540000,1300.00000000,4671497,4671497,1650499651332,False,True
3264665,0.34550000,350.30000000,4671498,4671498,1650499659343,True,True
3264666,0.34540000,143.80000000,4671499,4671499,1650499659343,True,True
3264667,0.34530000,228.10000000,4671500,4671500,1650499659343,True,True
3264668,0.34490000,1669.60000000,4671501,4671502,1650499665400,True,True
3264669,0.34480000,133.00000000,4671503,4671503,1650499665400,True,True
3264670,0.34470000,553.00000000,4671504,4671506,1650499665400,True,True
3264671,0.34450000,394.40000000,4671507,4671507,1650499665400,True,True
3264672,0.34460000,407.50000000,4671508,4671508,1650499665769,True,True
3264673,0.34450000,1132.50000000,4671509,4671510,1650499665769,True,True
3264674,0.34450000,4.20000000,4671511,4671511,1650499665867,True,True
3264675,0.34480000,264.20000000,4671512,4671512,1650499666323,False,True
3264676,0.34450000,58.70000000,4671513,4671513,1650499667224,False,True
3264677,0.34450000,7.70000000,4671514,4671514,1650499667244,False,True
3264678,0.34460000,2.30000000,4671515,4671515,1650499667244,False,True
3264679,0.34400000,444.30000000,4671516,4671516,1650499669281,True,True
3264680,0.34390000,65.70000000,4671517,4671517,1650499669281,True,True
3264681,0.34380000,2540.00000000,4671518,4671519,1650499671393,True,True
3264682,0.34350000,5790.00000000,4671520,4671523,1650499671461,True,True
3264683,0.34380000,264.00000000,4671524,4671524,1650499671687,False,True
3264684,0.34390000,45.40000000,4671525,4671525,1650499673220,False,True
3264685,0.34390000,82.30000000,4671526,4671527,1650499676109,False,True
3264686,0.34410000,452.00000000,4671528,4671529,1650499722883,False,True
3264687,0.34410000,399.80000000,4671530,4671530,1650499732791,False,True
3264688,0.34400000,108.50000000,4671531,4671531,1650499737293,False,True
3264689,0.34430000,68.90000000,4671532,4671532,1650499740347,False,True
3264690,0.34430000,82.30000000,4671533,4671533,1650499740406,True,True
3264691,0.34430000,300.50000000,4671534,4671534,1650499740417,True,True
3264692,0.34440000,264.20000000,4671535,4671535,1650499763336,False,True
3264693,0.34440000,264.20000000,4671536,4671536,1650499763887,False,True
3264694,0.34470000,1308.70000000,4671537,4671537,1650499780068,False,True
3264695,0.34470000,668.70000000,4671538,4671538,1650499788617,False,True
3264696,0.34490000,1954.00000000,4671539,4671539,1650499788617,False,True
3264697,0.34490000,68.60000000,4671540,4671540,1650499788644,True,True
3264698,0.34500000,83.60000000,4671541,4671541,1650499788672,True,True
3264699,0.34490000,180.60000000,4671542,4671542,1650499788694,True,True
3264700,0.34490000,669.00000000,4671543,4671543,1650499788721,True,True
3264701,0.34500000,198.50000000,4671544,4671546,1650499788733,True,True
3264702,0.34490000,359.90000000,4671547,4671547,1650499789930,True,True
3264703,0.34460000,176.10000000,4671548,4671548,1650499797358,True,True
3264704,0.34450000,1844.10000000,4671549,4671550,1650499797358,True,True
3264705,0.34420000,1276.30000000,4671551,4671551,1650499797358,True,True
3264706,0.34380000,151.50000000,4671552,4671552,1650499814194,True,True
3264707,0.34370000,549.60000000,4671553,4671553,1650499814194,True,True
3264708,0.34390000,264.20000000,4671554,4671554,1650499817201,False,True
3264709,0.34400000,253.60000000,4671555,4671555,1650499817201,False,True
3264710,0.34390000,198.50000000,4671556,4671558,1650499820135,False,True
3264711,0.34400000,264.20000000,4671559,4671559,1650499820135,False,True
3264712,0.34370000,1307.40000000,4671560,4671560,1650499828331,False,True
3264713,0.34400000,180.00000000,4671561,4671561,1650499830763,True,True
3264714,0.34400000,5.80000000,4671562,4671562,1650499830773,True,True
3264715,0.34410000,255.50000000,4671563,4671563,1650499843103,False,True
3264716,0.34360000,151.50000000,4671564,4671564,1650499849100,True,True
3264717,0.34340000,118.50000000,4671565,4671565,1650499849100,True,True
3264718,0.34360000,145.00000000,4671566,4671568,1650499892776,True,True
3264719,0.34360000,54.40000000,4671569,4671569,1650499892783,True,True
3264720,0.34350000,90.60000000,4671570,4671570,1650499892783,True,True
3264721,0.34350000,60.90000000,4671571,4671571,1650499892786,True,True
3264722,0.34340000,84.10000000,4671572,4671572,1650499892786,True,True
3264723,0.34350000,145.00000000,4671573,4671573,1650499899502,True,True
3264724,0.34350000,6.50000000,4671574,4671574,1650499899507,True,True
3264725,0.34340000,138.50000000,4671575,4671575,1650499899507,True,True
3264726,0.34340000,29.90000000,4671576,4671576,1650499899520,True,True
3264727,0.34370000,98.90000000,4671577,4671578,1650499901745,False,True
3264728,0.34360000,42.70000000,4671579,4671579,1650499920513,False,True
3264729,0.34380000,176.10000000,4671580,4671580,1650499926108,False,True
3264730,0.34420000,172.50000000,4671581,4671581,1650499927234,False,True
3264731,0.34370000,319.40000000,4671582,4671582,1650499932508,True,True
3264732,0.34340000,575.80000000,4671583,4671584,1650499932508,True,True
3264733,0.34350000,69.40000000,4671585,4671585,1650499932535,True,True
3264734,0.34380000,166.50000000,4671586,4671588,1650499935252,False,True
3264735,0.34360000,145.00000000,4671589,4671591,1650499938343,True,True
3264736,0.34360000,50.80000000,4671592,4671592,1650499938366,True,True
3264737,0.34350000,94.20000000,4671593,4671593,1650499938366,True,True
3264738,0.34350000,57.30000000,4671594,4671594,1650499938454,True,True
3264739,0.34380000,195.20000000,4671595,4671597,1650499939226,False,True
3264740,0.34350000,98.00000000,4671598,4671599,1650499942191,True,True
3264741,0.34360000,151.50000000,4671600,4671600,1650499946713,True,True
3264742,0.34340000,145.00000000,4671601,4671601,1650499946743,True,True
3264743,0.34340000,145.00000000,4671602,4671602,1650499946746,True,True
3264744,0.34360000,67.30000000,4671603,4671603,1650499961309,True,True
3264745,0.34340000,331.50000000,4671604,4671605,1650499971025,True,True
3264746,0.34330000,264.20000000,4671606,4671606,1650499971025,True,True
3264747,0.34320000,130.90000000,4671607,4671607,1650499971025,True,True
3264748,0.34310000,133.60000000,4671608,4671608,1650499971025,True,True
3264749,0.34300000,452.60000000,4671609,4671610,1650499971025,True,True
3264750,0.34290000,501.50000000,4671611,4671612,1650499971025,True,True
3264751,0.34280000,80.20000000,4671613,4671613,1650499971025,True,True
3264752,0.34270000,339.50000000,4671614,4671614,1650499971025,True,True
3264753,0.34240000,1396.60000000,4671615,4671617,1650499971025,True,True
3264754,0.34240000,53.40000000,4671618,4671618,1650499971025,True,True
3264755,0.34240000,436.20000000,4671619,4671619,1650499971025,True,True
3264756,0.34240000,1504.20000000,4671620,4671620,1650499971025,True,True
3264757,0.34240000,330.90000000,4671621,4671621,1650499971025,True,True
3264758,0.34240000,150.20000000,4671622,4671622,1650499971025,True,True
3264759,0.34240000,75.20000000,4671623,4671623,1650499971025,True,True
3264760,0.34240000,450.70000000,4671624,4671624,1650499971025,True,True
3264761,0.34240000,1021.70000000,4671625,4671625,1650499971025,True,True
3264762,0.34240000,187.80000000,4671626,4671626,1650499971025,True,True
3264763,0.34240000,45.00000000,4671627,4671627,1650499971025,True,True
3264764,0.34240000,66.90000000,4671628,4671628,1650499971025,True,True
3264765,0.34240000,59.70000000,4671629,4671629,1650499971025,True,True
3264766,0.34350000,102.00000000,4671630,4671631,1650499973232,False,True
3264767,0.34360000,355.10000000,4671632,4671632,1650499973232,False,True
3264768,0.34370000,264.20000000,4671633,4671633,1650499973253,False,True
3264769,0.34380000,1579.90000000,4671634,4671634,1650499973253,False,True
3264770,0.34390000,680.30000000,4671635,4671635,1650499973253,False,True
3264771,0.34410000,145.00000000,4671636,4671636,1650499973636,False,True
3264772,0.34410000,99.90000000,4671637,4671637,1650499975220,False,True
3264773,0.34410000,19.30000000,4671638,4671638,1650499975654,False,True
3264774,0.34420000,47.70000000,4671639,4671639,1650499975654,False,True
3264775,0.34410000,264.20000000,4671640,4671640,1650500058811,False,True
3264776,0.34420000,301.10000000,4671641,4671641,1650500058811,False,True
3264777,0.34380000,144.00000000,4671642,4671642,1650500097802,True,True
3264778,0.34380000,7.50000000,4671643,4671643,1650500097812,True,True
3264779,0.34340000,151.50000000,4671644,4671644,1650500136265,True,True
3264780,0.34320000,264.20000000,4671645,4671645,1650500136265,True,True
3264781,0.34310000,674.30000000,4671646,4671646,1650500136265,True,True
3264782,0.34370000,8.10000000,4671647,4671647,1650500136305,False,True
3264783,0.34350000,73.60000000,4671648,4671648,1650500137359,False,True
3264784,0.34370000,264.20000000,4671649,4671649,1650500139239,False,True
3264785,0.34380000,373.80000000,4671650,4671650,1650500139239,False,True
3264786,0.34390000,214.50000000,4671651,4671651,1650500139239,False,True
3264787,0.34310000,144.00000000,4671652,4671654,1650500139361,True,True
3264788,0.34340000,129.20000000,4671655,4671656,1650500141212,False,True
3264789,0.34350000,264.20000000,4671657,4671657,1650500141212,False,True
3264790,0.34360000,251.00000000,4671658,4671658,1650500141212,False,True
3264791,0.34330000,144.00000000,4671659,4671661,1650500142990,True,True
3264792,0.34380000,158.80000000,4671662,4671664,1650500143250,False,True
3264793,0.34390000,226.70000000,4671665,4671665,1650500143250,False,True
3264794,0.34340000,145.00000000,4671666,4671668,1650500143516,True,True
3264795,0.34340000,50.50000000,4671669,4671669,1650500143523,True,True
3264796,0.34330000,94.50000000,4671670,4671670,1650500143523,True,True
3264797,0.34350000,195.50000000,4671671,4671673,1650500147232,False,True
3264798,0.34360000,313.70000000,4671674,4671674,1650500147232,False,True
3264799,0.34390000,44.50000000,4671675,4671675,1650500147232,False,True
3264800,0.34400000,191.50000000,4671676,4671676,1650500149214,False,True
3264801,0.34350000,145.00000000,4671677,4671679,1650500156843,True,True
3264802,0.34350000,50.40000000,4671680,4671680,1650500156845,True,True
3264803,0.34340000,28.60000000,4671681,4671681,1650500156845,True,True
3264804,0.34300000,151.50000000,4671682,4671682,1650500224280,True,True
3264805,0.34290000,34.10000000,4671683,4671683,1650500231831,False,True
3264806,0.34280000,151.50000000,4671684,4671684,1650500253406,True,True
3264807,0.34280000,1299.80000000,4671685,4671685,1650500253416,False,True
3264808,0.34270000,389.20000000,4671686,4671687,1650500265212,True,True
3264809,0.34260000,354.80000000,4671688,4671688,1650500265212,True,True
3264810,0.34240000,856.00000000,4671689,4671691,1650500265212,True,True
3264811,0.34230000,1278.70000000,4671692,4671692,1650500265212,True,True
3264812,0.34220000,356.00000000,4671693,4671693,1650500265212,True,True
3264813,0.34210000,383.60000000,4671694,4671694,1650500265212,True,True
3264814,0.34260000,117.00000000,4671695,4671695,1650500265718,False,True
3264815,0.34270000,87.50000000,4671696,4671697,1650500267175,False,True
3264816,0.34210000,66.60000000,4671698,4671698,1650500288547,True,True
3264817,0.34200000,237.70000000,4671699,4671699,1650500288547,True,True
3264818,0.34190000,1148.90000000,4671700,4671700,1650500288547,True,True
3264819,0.34260000,108.00000000,4671701,4671702,1650500290893,False,True
3264820,0.34230000,151.50000000,4671703,4671703,1650500297117,True,True
3264821,0.34220000,237.70000000,4671704,4671704,1650500297117,True,True
3264822,0.34210000,1610.80000000,4671705,4671705,1650500297117,True,True
3264823,0.34200000,129.70000000,4671706,4671707,1650500297923,True,True
3264824,0.34190000,79.60000000,4671708,4671708,1650500297923,True,True
3264825,0.34160000,860.70000000,4671709,4671715,1650500297923,True,True
3264826,0.34160000,34.60000000,4671716,4671717,1650500299093,True,True
3264827,0.34200000,342.80000000,4671718,4671718,1650500299228,False,True
3264828,0.34220000,354.90000000,4671719,4671719,1650500299228,False,True
3264829,0.34230000,75.30000000,4671720,4671720,1650500299228,False,True
3264830,0.34160000,597.90000000,4671721,4671736,1650500300795,True,True
3264831,0.34150000,272.10000000,4671737,4671738,1650500300795,True,True
3264832,0.34200000,343.30000000,4671739,4671739,1650500301219,False,True
3264833,0.34210000,8.10000000,4671740,4671740,1650500301219,False,True
3264834,0.34220000,66.60000000,4671741,4671741,1650500309494,False,True
3264835,0.34170000,146.00000000,4671742,4671742,1650500312683,True,True
3264836,0.34170000,5.50000000,4671743,4671743,1650500312921,True,True
3264837,0.34160000,145.00000000,4671744,4671747,1650500313144,True,True
3264838,0.34170000,146.00000000,4671748,4671748,1650500316777,True,True
3264839,0.34170000,5.50000000,4671749,4671749,1650500316795,True,True
3264840,0.34170000,151.50000000,4671750,4671750,1650500331930,True,True
3264841,0.34160000,223.70000000,4671751,4671757,1650500331930,True,True
3264842,0.34140000,454.40000000,4671758,4671759,1650500331930,True,True
3264843,0.34130000,82.80000000,4671760,4671760,1650500331930,True,True
3264844,0.34120000,95.90000000,4671761,4671761,1650500331930,True,True
3264845,0.34140000,151.50000000,4671762,4671762,1650500337492,True,True
3264846,0.34130000,227.90000000,4671763,4671763,1650500337492,True,True
3264847,0.34110000,65.60000000,4671764,4671764,1650500337492,True,True
3264848,0.34130000,151.50000000,4671765,4671765,1650500355002,True,True
3264849,0.34110000,676.50000000,4671766,4671769,1650500355002,True,True
3264850,0.34100000,34.50000000,4671770,4671771,1650500355002,True,True
3264851,0.34160000,114.50000000,4671772,4671773,1650500361366,False,True
3264852,0.34170000,146.00000000,4671774,4671776,1650500377019,True,True
3264853,0.34170000,306.00000000,4671777,4671777,1650500383562,True,True
3264854,0.34180000,145.00000000,4671778,4671778,1650500399122,True,True
3264855,0.34180000,1.20000000,4671779,4671779,1650500399126,True,True
3264856,0.34170000,143.80000000,4671780,4671780,1650500399126,True,True
3264857,0.34160000,151.00000000,4671781,4671781,1650500451223,True,True
3264858,0.34200000,204.00000000,4671782,4671782,1650500457226,False,True
3264859,0.34170000,54.70000000,4671783,4671783,1650500470326,True,True
3264860,0.34160000,91.30000000,4671784,4671784,1650500470326,True,True
3264861,0.34160000,60.20000000,4671785,4671785,1650500470331,True,True
3264862,0.34120000,151.50000000,4671786,4671786,1650500626173,True,True
3264863,0.34120000,461.90000000,4671787,4671787,1650500626212,False,True
3264864,0.34110000,100.00000000,4671788,4671788,1650500675548,True,True
3264865,0.34150000,10.70000000,4671789,4671789,1650500717695,False,True
3264866,0.34100000,151.50000000,4671790,4671790,1650500755603,True,True
3264867,0.34090000,40.80000000,4671791,4671791,1650500785407,False,True
3264868,0.34080000,151.50000000,4671792,4671792,1650500799720,True,True
3264869,0.34060000,40.70000000,4671793,4671793,1650500800713,True,True
3264870,0.34050000,49.00000000,4671794,4671794,1650500801709,True,True
3264871,0.34070000,395.50000000,4671795,4671795,1650500872007,False,True
3264872,0.34070000,448.00000000,4671796,4671796,1650500872163,True,True
3264873,0.34050000,100.00000000,4671797,4671797,1650500922675,True,True
3264874,0.34030000,1240.80000000,4671798,4671808,1650500933861,True,True
3264875,0.34020000,1759.20000000,4671809,4671809,1650500933861,True,True
3264876,0.34070000,201.80000000,4671810,4671812,1650500936197,False,True
3264877,0.34080000,301.50000000,4671813,4671813,1650500936197,False,True
3264878,0.34080000,151.50000000,4671814,4671814,1650501045044,True,True
3264879,0.34080000,166.00000000,4671815,4671815,1650501045071,False,True
3264880,0.34080000,120.80000000,4671816,4671816,1650501045081,False,True
3264881,0.34090000,186.70000000,4671817,4671818,1650501062311,True,True
3264882,0.34080000,70.30000000,4671819,4671819,1650501066907,True,True
3264883,0.34080000,71.10000000,4671820,4671820,1650501142466,True,True
3264884,0.34130000,70.30000000,4671821,4671821,1650501166704,False,True
3264885,0.34140000,498.10000000,4671822,4671823,1650501166704,False,True
3264886,0.34100000,151.50000000,4671824,4671824,1650501357711,True,True
3264887,0.34110000,146.00000000,4671825,4671825,1650501362069,False,True
3264888,0.34060000,151.50000000,4671826,4671826,1650501397715,True,True
3264889,0.34040000,38.50000000,4671827,4671827,1650501397715,True,True
3264890,0.34030000,424.60000000,4671828,4671831,1650501398906,True,True
3264891,0.34020000,366.20000000,4671832,4671832,1650501398906,True,True
3264892,0.34010000,819.20000000,4671833,4671834,1650501398906,True,True
3264893,0.34070000,146.00000000,4671835,4671837,1650501399302,False,True
3264894,0.34060000,70.70000000,4671838,4671838,1650501406910,True,True
3264895,0.34060000,70.00000000,4671839,4671839,1650501406922,True,True
3264896,0.34050000,151.50000000,4671840,4671840,1650501459736,True,True
3264897,0.34030000,211.80000000,4671841,4671841,1650501459736,True,True
3264898,0.34020000,363.10000000,4671842,4671842,1650501459736,True,True
3264899,0.34010000,453.60000000,4671843,4671847,1650501459736,True,True
3264900,0.34060000,1128.70000000,4671848,4671848,1650501660088,False,True
3264901,0.34060000,1102.80000000,4671849,4671849,1650501669519,False,True
3264902,0.34060000,479.20000000,4671850,4671850,1650501670407,False,True
3264903,0.34060000,972.70000000,4671851,4671851,1650501675000,False,True
3264904,0.34060000,930.80000000,4671852,4671852,1650501680078,False,True
3264905,0.34050000,151.50000000,4671853,4671853,1650501695679,True,True
3264906,0.34060000,1757.70000000,4671854,4671854,1650501704941,False,True
3264907,0.34060000,856.80000000,4671855,4671855,1650501776743,False,True
3264908,0.34060000,400.00000000,4671856,4671856,1650501950083,False,True
3264909,0.34060000,0.40000000,4671857,4671857,1650502006423,False,True
3264910,0.34100000,233.00000000,4671858,4671858,1650502128531,False,True
3264911,0.34130000,1977.40000000,4671859,4671859,1650502150245,False,True
3264912,0.34150000,1025.90000000,4671860,4671869,1650502150245,False,True
3264913,0.34160000,1578.50000000,4671870,4671871,1650502150245,False,True
3264914,0.34160000,108.40000000,4671872,4671872,1650502164196,False,True
3264915,0.34110000,187.00000000,4671873,4671874,1650502227689,True,True
3264916,0.34100000,536.20000000,4671875,4671878,1650502271720,False,True
3264917,0.34110000,1090.00000000,4671879,4671879,1650502271720,False,True
3264918,0.34110000,10196.30000000,4671880,4671880,1650502280803,False,True
3264919,0.34110000,209.00000000,4671881,4671881,1650502280911,False,True
3264920,0.34110000,103.60000000,4671882,4671882,1650502281136,False,True
3264921,0.34120000,1757.70000000,4671883,4671883,1650502408097,False,True
3264922,0.34120000,2227.20000000,4671884,4671884,1650502417312,False,True
3264923,0.34120000,1757.70000000,4671885,4671885,1650502439186,False,True
3264924,0.34120000,5132.10000000,4671886,4671887,1650502448870,False,True
3264925,0.34120000,628.90000000,4671888,4671888,1650502449020,False,True
3264926,0.34120000,3176.30000000,4671889,4671889,1650502454284,False,True
3264927,0.34140000,4486.00000000,4671890,4671890,1650502454284,False,True
3264928,0.34140000,407.30000000,4671891,4671891,1650502454294,False,True
3264929,0.34150000,6807.00000000,4671892,4671893,1650502529967,False,True
3264930,0.34150000,29.60000000,4671894,4671894,1650502550400,True,True
3264931,0.34150000,547.50000000,4671895,4671896,1650502550417,True,True
3264932,0.34150000,29.60000000,4671897,4671897,1650502550432,True,True
3264933,0.34130000,308.00000000,4671898,4671899,1650502681585,True,True
3264934,0.34140000,151.50000000,4671900,4671900,1650502713470,True,True
3264935,0.34140000,100.00000000,4671901,4671901,1650502733225,True,True
3264936,0.34140000,51.50000000,4671902,4671902,1650502733728,True,True
3264937,0.34140000,100.00000000,4671903,4671903,1650502746094,True,True
3264938,0.34140000,151.50000000,4671904,4671904,1650502778711,True,True
3264939,0.34130000,65.50000000,4671905,4671905,1650502778711,True,True
3264940,0.34110000,283.00000000,4671906,4671906,1650502778711,True,True
3264941,0.34120000,151.50000000,4671907,4671907,1650502787639,True,True
3264942,0.34110000,652.80000000,4671908,4671921,1650502787639,True,True
3264943,0.34100000,1195.70000000,4671922,4671922,1650502787639,True,True
3264944,0.34100000,222.00000000,4671923,4671923,1650502796413,True,True
3264945,0.34100000,151.50000000,4671924,4671924,1650502797410,True,True
3264946,0.34090000,222.00000000,4671925,4671925,1650502803414,True,True
3264947,0.34080000,222.00000000,4671926,4671926,1650502803414,True,True
3264948,0.34080000,283.50000000,4671927,4671927,1650502803420,False,True
3264949,0.34080000,576.20000000,4671928,4671929,1650502923832,True,True
3264950,0.34120000,76.30000000,4671930,4671931,1650502933243,False,True
3264951,0.34130000,70.30000000,4671932,4671932,1650502933243,False,True
3264952,0.34080000,100.00000000,4671933,4671933,1650502989683,True,True
3264953,0.34100000,216.00000000,4671934,4671936,1650503025492,True,True
3264954,0.34090000,493.70000000,4671937,4671938,1650503025492,True,True
3264955,0.34080000,346.90000000,4671939,4671939,1650503025492,True,True
3264956,0.34070000,579.00000000,4671940,4671941,1650503025492,True,True
3264957,0.34060000,574.40000000,4671942,4671944,1650503025492,True,True
3264958,0.34060000,333.60000000,4671945,4671953,1650503025652,True,True
3264959,0.34040000,564.20000000,4671954,4671955,1650503025652,True,True
3264960,0.34030000,222.00000000,4671956,4671956,1650503025652,True,True
3264961,0.34020000,140.20000000,4671957,4671957,1650503025652,True,True
3264962,0.34040000,342.20000000,4671958,4671958,1650503025936,True,True
3264963,0.34030000,371.30000000,4671959,4671968,1650503025936,True,True
3264964,0.34020000,1936.50000000,4671969,4671970,1650503025936,True,True
3264965,0.34030000,151.50000000,4671971,4671971,1650503027619,True,True
3264966,0.34020000,233.00000000,4671972,4671972,1650503027619,True,True
3264967,0.34000000,628.30000000,4671973,4671974,1650503027619,True,True
3264968,0.33990000,79.20000000,4671975,4671975,1650503027619,True,True
3264969,0.34040000,37.10000000,4671976,4671976,1650503029220,False,True
3264970,0.34050000,69.40000000,4671977,4671977,1650503041914,False,True
3264971,0.34030000,106.60000000,4671978,4671979,1650503044190,True,True
3264972,0.34020000,151.50000000,4671980,4671980,1650503249017,True,True
3264973,0.34000000,222.00000000,4671981,4671981,1650503249017,True,True
3264974,0.33990000,624.30000000,4671982,4671994,1650503249017,True,True
3264975,0.33980000,102.80000000,4671995,4671995,1650503249017,True,True
3264976,0.33980000,1085.60000000,4671996,4671998,1650503253973,True,True
3264977,0.33970000,185.30000000,4671999,4672000,1650503253973,True,True
3264978,0.33970000,146.80000000,4672001,4672001,1650503255684,True,True
3264979,0.34010000,49.30000000,4672002,4672002,1650503277611,False,True
3264980,0.34030000,216.10000000,4672003,4672005,1650503368986,False,True
3264981,0.34040000,59.20000000,4672006,4672006,1650503368986,False,True
3264982,0.34060000,147.10000000,4672007,4672007,1650503377188,False,True
3264983,0.34010000,151.50000000,4672008,4672008,1650503396611,True,True
3264984,0.33990000,2100.00000000,4672009,4672009,1650503396611,True,True
3264985,0.33980000,307.90000000,4672010,4672010,1650503396611,True,True
3264986,0.33970000,24.90000000,4672011,4672011,1650503396611,True,True
3264987,0.33960000,185.70000000,4672012,4672013,1650503396611,True,True
3264988,0.34040000,174.80000000,4672014,4672014,1650503580274,False,True
3264989,0.34040000,1228.90000000,4672015,4672016,1650503592808,False,True
3264990,0.34050000,1579.90000000,4672017,4672017,1650503592808,False,True
3264991,0.34070000,755.40000000,4672018,4672018,1650503592808,False,True
3264992,0.34020000,205.40000000,4672019,4672021,1650503623678,True,True
3264993,0.34010000,1105.40000000,4672022,4672023,1650503623678,True,True
3264994,0.33970000,147.00000000,4672024,4672024,1650503626743,True,True
3264995,0.33970000,4.50000000,4672025,4672025,1650503626756,True,True
3264996,0.33970000,151.50000000,4672026,4672026,1650503637232,True,True
3264997,0.33960000,118.70000000,4672027,4672027,1650503638111,True,True
3264998,0.33970000,151.50000000,4672028,4672028,1650503646660,True,True
3264999,0.33970000,151.50000000,4672029,4672029,1650503658368,True,True
3265000,0.33970000,147.00000000,4672030,4672030,1650503723241,True,True
3265001,0.33970000,245.00000000,4672031,4672034,1650503724769,True,True
3265002,0.33970000,245.00000000,4672035,4672037,1650503726187,True,True
3265003,0.33980000,151.00000000,4672038,4672038,1650503726861,True,True
3265004,0.33980000,0.50000000,4672039,4672039,1650503726895,True,True
3265005,0.33970000,150.50000000,4672040,4672041,1650503726895,True,True
3265006,0.33970000,147.00000000,4672042,4672044,1650503728553,True,True
3265007,0.33960000,13915.60000000,4672045,4672046,1650503870132,True,True
3265008,0.33940000,208.30000000,4672047,4672048,1650503887665,True,True
3265009,0.33930000,372.10000000,4672049,4672058,1650503887665,True,True
3265010,0.33900000,1120.90000000,4672059,4672059,1650503887665,True,True
3265011,0.33880000,338.70000000,4672060,4672061,1650503887665,True,True
3265012,0.33930000,205.40000000,4672062,4672064,1650503891214,False,True
3265013,0.33950000,9.80000000,4672065,4672065,1650503975623,False,True
3265014,0.34050000,147.20000000,4672066,4672066,1650504332320,False,True
3265015,0.34030000,1538.10000000,4672067,4672068,1650504357413,True,True
3265016,0.34030000,724.60000000,4672069,4672069,1650504389695,False,True
3265017,0.34020000,1226.60000000,4672070,4672070,1650504403013,True,True
3265018,0.34010000,964.50000000,4672071,4672072,1650504403013,True,True
3265019,0.34000000,566.60000000,4672073,4672073,1650504403013,True,True
3265020,0.33970000,196.70000000,4672074,4672076,1650504415357,True,True
3265021,0.33960000,972.40000000,4672077,4672077,1650504415357,True,True
3265022,0.33990000,123.50000000,4672078,4672079,1650504415807,False,True
3265023,0.33940000,200.00000000,4672080,4672080,1650504566981,True,True
3265024,0.34000000,88.30000000,4672081,4672081,1650504675705,False,True
3265025,0.34000000,73.20000000,4672082,4672082,1650504739311,False,True
3265026,0.34010000,254.90000000,4672083,4672083,1650504743207,False,True
3265027,0.33960000,143.30000000,4672084,4672086,1650504753687,True,True
3265028,0.33970000,208.30000000,4672087,4672087,1650504868625,True,True
3265029,0.33960000,1757.70000000,4672088,4672088,1650504868671,False,True
3265030,0.33960000,444.00000000,4672089,4672089,1650504868714,False,True
3265031,0.33960000,56.00000000,4672090,4672090,1650504868724,False,True
3265032,0.33960000,882.80000000,4672091,4672091,1650504869353,False,True
3265033,0.33960000,1500.00000000,4672092,4672092,1650504870442,False,True
3265034,0.33960000,1420.60000000,4672093,4672093,1650504881524,False,True
3265035,0.33990000,124.00000000,4672094,4672095,1650504942426,False,True
3265036,0.34020000,2134.80000000,4672096,4672097,1650504967377,False,True
3265037,0.34070000,35.30000000,4672098,4672098,1650505002184,False,True
3265038,0.34070000,88.10000000,4672099,4672099,1650505096833,False,True
3265039,0.34070000,81.20000000,4672100,4672101,1650505445911,False,True
3265040,0.34030000,81.20000000,4672102,4672102,1650505498958,True,True
3265041,0.34090000,272.30000000,4672103,4672103,1650505562249,False,True
3265042,0.34100000,317.30000000,4672104,4672104,1650505562249,False,True
3265043,0.34090000,1748.40000000,4672105,4672106,1650505675597,False,True
3265044,0.34110000,174.80000000,4672107,4672107,1650505675597,False,True
3265045,0.34110000,1156.70000000,4672108,4672119,1650505718212,False,True
3265046,0.34120000,2570.60000000,4672120,4672121,1650505718212,False,True
3265047,0.34140000,352.20000000,4672122,4672122,1650505718212,False,True
3265048,0.34150000,2585.30000000,4672123,4672124,1650505718212,False,True
3265049,0.34160000,501.70000000,4672125,4672126,1650505718212,False,True
3265050,0.34170000,1175.10000000,4672127,4672129,1650505718212,False,True
3265051,0.34180000,786.20000000,4672130,4672130,1650505718212,False,True
3265052,0.34190000,83.20000000,4672131,4672131,1650505718212,False,True
3265053,0.34200000,1080.60000000,4672132,4672133,1650505718212,False,True
3265054,0.34210000,1322.10000000,4672134,4672136,1650505718212,False,True
3265055,0.34220000,539.50000000,4672137,4672137,1650505718212,False,True
3265056,0.34250000,2087.70000000,4672138,4672138,1650505718212,False,True
3265057,0.34340000,207.30000000,4672139,4672140,1650505718212,False,True
3265058,0.34350000,1168.80000000,4672141,4672152,1650505718212,False,True
3265059,0.34360000,5203.80000000,4672153,4672154,1650505718212,False,True
3265060,0.34370000,134.30000000,4672155,4672155,1650505718212,False,True
3265061,0.34380000,131.50000000,4672156,4672156,1650505718212,False,True
3265062,0.34480000,352.40000000,4672157,4672159,1650505718212,False,True
3265063,0.34490000,97.90000000,4672160,4672160,1650505718212,False,True
3265064,0.34510000,80.20000000,4672161,4672161,1650505718212,False,True
3265065,0.34530000,126.00000000,4672162,4672162,1650505718212,False,True
3265066,0.34540000,82.40000000,4672163,4672163,1650505718212,False,True
3265067,0.34550000,133.60000000,4672164,4672164,1650505718212,False,True
3265068,0.34560000,130.90000000,4672165,4672165,1650505718212,False,True
3265069,0.34660000,49.00000000,4672166,4672166,1650505718212,False,True
3265070,0.34690000,79.80000000,4672167,4672167,1650505718212,False,True
3265071,0.34710000,207.30000000,4672168,4672169,1650505718212,False,True
3265072,0.34720000,133.00000000,4672170,4672170,1650505718212,False,True
3265073,0.34730000,130.30000000,4672171,4672171,1650505718212,False,True
3265074,0.34850000,222.50000000,4672172,4672172,1650505718212,False,True
3265075,0.34860000,79.40000000,4672173,4672173,1650505718212,False,True
3265076,0.34870000,1438.50000000,4672174,4672174,1650505718212,False,True
3265077,0.34880000,81.60000000,4672175,4672175,1650505718212,False,True
3265078,0.34890000,124.70000000,4672176,4672176,1650505718212,False,True
3265079,0.34900000,132.30000000,4672177,4672177,1650505718212,False,True
3265080,0.34910000,129.60000000,4672178,4672178,1650505718212,False,True
3265081,0.34950000,4168.80000000,4672179,4672179,1650505718212,False,True
3265082,0.34940000,272.30000000,4672180,4672180,1650505718246,False,True
3265083,0.34950000,452.30000000,4672181,4672181,1650505718246,False,True
3265084,0.34350000,545.40000000,4672182,4672191,1650505718483,False,True
3265085,0.34380000,30.00000000,4672192,4672192,1650505718483,False,True
3265086,0.34530000,143.80000000,4672193,4672193,1650505718528,True,True
3265087,0.34240000,1076.40000000,4672194,4672194,1650505718528,True,True
3265088,0.34350000,143.80000000,4672195,4672195,1650505718593,False,True
3265089,0.34320000,397.60000000,4672196,4672196,1650505718616,True,True
3265090,0.34320000,177.80000000,4672197,4672197,1650505718624,True,True
3265091,0.34250000,575.40000000,4672198,4672198,1650505718641,True,True
3265092,0.34350000,143.80000000,4672199,4672199,1650505718664,False,True
3265093,0.34330000,295.00000000,4672200,4672200,1650505718700,True,True
3265094,0.34330000,2064.50000000,4672201,4672201,1650505718702,True,True
3265095,0.34250000,16.10000000,4672202,4672202,1650505718702,True,True
3265096,0.34350000,217.80000000,4672203,4672203,1650505718707,False,True
3265097,0.34280000,966.20000000,4672204,4672204,1650505718891,True,True
3265098,0.34280000,64.20000000,4672205,4672205,1650505719035,True,True
3265099,0.34320000,943.30000000,4672206,4672206,1650505719074,True,True
3265100,0.34290000,395.00000000,4672207,4672207,1650505719151,True,True
3265101,0.34280000,427.00000000,4672208,4672209,1650505719387,True,True
3265102,0.34280000,155.40000000,4672210,4672210,1650505719388,True,True
3265103,0.34260000,41.60000000,4672211,4672211,1650505719388,True,True
3265104,0.34260000,275.70000000,4672212,4672212,1650505719391,True,True
3265105,0.34270000,64.80000000,4672213,4672213,1650505719994,False,True
3265106,0.34280000,272.30000000,4672214,4672214,1650505719994,False,True
3265107,0.34290000,2677.00000000,4672215,4672215,1650505719994,False,True
3265108,0.34220000,180.40000000,4672216,4672218,1650505720035,True,True
3265109,0.34210000,258.60000000,4672219,4672219,1650505720035,True,True
3265110,0.34270000,207.70000000,4672220,4672221,1650505720493,False,True
3265111,0.34280000,272.30000000,4672222,4672222,1650505720493,False,True
3265112,0.34290000,106.00000000,4672223,4672223,1650505720493,False,True
3265113,0.34250000,64.80000000,4672224,4672224,1650505721007,True,True
3265114,0.34240000,151.20000000,4672225,4672225,1650505721007,True,True
3265115,0.34240000,64.80000000,4672226,4672226,1650505721010,True,True
3265116,0.34240000,304.00000000,4672227,4672228,1650505721018,True,True
3265117,0.34240000,82.50000000,4672229,4672229,1650505721022,True,True
3265118,0.34230000,143.80000000,4672230,4672230,1650505721022,True,True
3265119,0.34210000,78.70000000,4672231,4672231,1650505721022,True,True
3265120,0.34230000,272.30000000,4672232,4672232,1650505721033,True,True
3265121,0.34210000,20.00000000,4672233,4672233,1650505721033,True,True
3265122,0.34290000,49.00000000,4672234,4672234,1650505721150,False,True
3265123,0.34230000,49.00000000,4672235,4672235,1650505722074,True,True
3265124,0.34220000,102.00000000,4672236,4672236,1650505722074,True,True
3265125,0.34270000,130.90000000,4672237,4672238,1650505722637,False,True
3265126,0.34270000,130.30000000,4672239,4672239,1650505723239,False,True
3265127,0.34270000,82.00000000,4672240,4672240,1650505723521,False,True
3265128,0.34270000,98.20000000,4672241,4672242,1650505723555,False,True
3265129,0.34310000,31.40000000,4672243,4672243,1650505723555,False,True
3265130,0.34300000,81.60000000,4672244,4672244,1650505723594,False,True
3265131,0.34290000,61.30000000,4672245,4672245,1650505723911,False,True
3265132,0.34290000,64.70000000,4672246,4672246,1650505723915,True,True
3265133,0.34270000,82.40000000,4672247,4672247,1650505724155,False,True
3265134,0.34270000,80.20000000,4672248,4672248,1650505724188,False,True
3265135,0.34270000,79.80000000,4672249,4672249,1650505724190,False,True
3265136,0.34300000,125.30000000,4672250,4672250,1650505724883,False,True
3265137,0.34300000,79.40000000,4672251,4672251,1650505724983,False,True
3265138,0.34250000,147.00000000,4672252,4672253,1650505725085,True,True
3265139,0.34250000,84.70000000,4672254,4672255,1650505725093,True,True
3265140,0.34270000,124.70000000,4672256,4672256,1650505725354,False,True
3265141,0.34220000,62.00000000,4672257,4672257,1650505726134,True,True
3265142,0.34270000,133.60000000,4672258,4672258,1650505727014,False,True
3265143,0.34260000,133.00000000,4672259,4672260,1650505727477,False,True
3265144,0.34260000,105.60000000,4672261,4672262,1650505728158,False,True
3265145,0.34270000,26.70000000,4672263,4672263,1650505728158,False,True
3265146,0.34190000,59.00000000,4672264,4672264,1650505794940,False,True
3265147,0.34180000,653.50000000,4672265,4672265,1650505802465,False,True
3265148,0.34190000,143.80000000,4672266,4672266,1650505812952,False,True
3265149,0.34190000,146.20000000,4672267,4672267,1650505843729,False,True
3265150,0.34190000,87.80000000,4672268,4672268,1650505949892,False,True
3265151,0.34190000,44.20000000,4672269,4672269,1650506017557,False,True
3265152,0.34190000,87.80000000,4672270,4672270,1650506047400,False,True
3265153,0.34190000,32.10000000,4672271,4672271,1650506068580,False,True
3265154,0.34190000,452.00000000,4672272,4672272,1650506081784,False,True
3265155,0.34190000,1586.00000000,4672273,4672275,1650506275996,False,True
3265156,0.34190000,0.40000000,4672276,4672276,1650506276008,False,True
3265157,0.34250000,143.80000000,4672277,4672277,1650506276514,True,True
3265158,0.34220000,143.00000000,4672278,4672278,1650506276596,True,True
3265159,0.34220000,146.00000000,4672279,4672281,1650506277680,True,True
3265160,0.34200000,245.00000000,4672282,4672282,1650506323597,True,True
3265161,0.34200000,0.10000000,4672283,4672283,1650506323624,True,True
3265162,0.34170000,166.00000000,4672284,4672284,1650506325224,True,True
3265163,0.34170000,79.10000000,4672285,4672285,1650506325227,True,True
3265164,0.34160000,165.90000000,4672286,4672286,1650506325227,True,True
3265165,0.34160000,143.80000000,4672287,4672287,1650506447308,False,True
3265166,0.34160000,1856.00000000,4672288,4672288,1650506453110,False,True
3265167,0.34160000,0.20000000,4672289,4672289,1650506453124,False,True
3265168,0.34160000,49.60000000,4672290,4672290,1650506468321,True,True
3265169,0.34150000,482.30000000,4672291,4672292,1650506468321,True,True
3265170,0.34140000,134.30000000,4672293,4672293,1650506469872,True,True
3265171,0.34130000,82.80000000,4672294,4672294,1650506469872,True,True
3265172,0.34110000,74.10000000,4672295,4672295,1650506469872,True,True
3265173,0.34120000,291.20000000,4672296,4672296,1650506469905,True,True
3265174,0.34130000,245.10000000,4672297,4672297,1650506491518,True,True
3265175,0.34120000,754.90000000,4672298,4672298,1650506491518,True,True
3265176,0.34150000,195.60000000,4672299,4672301,1650506496026,False,True
3265177,0.34170000,500.00000000,4672302,4672302,1650506518349,True,True
3265178,0.34160000,44.10000000,4672303,4672303,1650506595374,True,True
3265179,0.34140000,135.60000000,4672304,4672305,1650506748259,True,True
3265180,0.34130000,414.60000000,4672306,4672306,1650506748259,True,True
3265181,0.34120000,239.80000000,4672307,4672307,1650506748259,True,True
3265182,0.34190000,179.00000000,4672308,4672310,1650506853373,False,True
3265183,0.34270000,58.40000000,4672311,4672311,1650507037106,False,True
3265184,0.34270000,220.50000000,4672312,4672312,1650507055840,False,True
3265185,0.34270000,198.20000000,4672313,4672313,1650507055847,True,True
3265186,0.34210000,166.00000000,4672314,4672316,1650507057179,True,True
3265187,0.34210000,30.50000000,4672317,4672317,1650507059701,True,True
3265188,0.34200000,163.50000000,4672318,4672318,1650507059701,True,True
3265189,0.34190000,417.60000000,4672319,4672319,1650507060032,True,True
3265190,0.34190000,1101.50000000,4672320,4672320,1650507530029,True,True
3265191,0.34150000,219.30000000,4672321,4672321,1650507673844,True,True
3265192,0.34110000,71.80000000,4672322,4672323,1650507673844,True,True
3265193,0.34110000,294.60000000,4672324,4672325,1650507743974,True,True
3265194,0.34160000,58.40000000,4672326,4672326,1650507795150,False,True
3265195,0.34180000,64.40000000,4672327,4672327,1650507941230,False,True
3265196,0.34180000,6.70000000,4672328,4672328,1650508640608,True,True
3265197,0.34150000,120.00000000,4672329,4672330,1650508646810,True,True
3265198,0.34170000,827.90000000,4672331,4672335,1650508668416,False,True
3265199,0.34140000,71.30000000,4672336,4672336,1650508679234,True,True
3265200,0.34120000,756.60000000,4672337,4672346,1650508679234,True,True
3265201,0.34170000,32.10000000,4672347,4672347,1650508770671,True,True
3265202,0.34180000,152.20000000,4672348,4672350,1650508904160,False,True
3265203,0.34150000,188.00000000,4672351,4672351,1650509146753,True,True
3265204,0.34210000,185.70000000,4672352,4672352,1650509763965,False,True
3265205,0.34190000,42.10000000,4672353,4672353,1650510642485,False,True
3265206,0.34180000,58.80000000,4672354,4672355,1650510892298,False,True
3265207,0.34150000,26.20000000,4672356,4672356,1650510922563,True,True
3265208,0.34120000,16.40000000,4672357,4672357,1650510922563,True,True
3265209,0.34200000,34.00000000,4672358,4672358,1650511082298,False,True
3265210,0.34150000,128.70000000,4672359,4672360,1650511088446,True,True
3265211,0.34140000,5.40000000,4672361,4672361,1650511088446,True,True
3265212,0.34180000,438.80000000,4672362,4672362,1650511619593,False,True
3265213,0.34170000,87.80000000,4672363,4672363,1650511641077,False,True
3265214,0.34180000,30.80000000,4672364,4672364,1650511740335,False,True
3265215,0.34120000,30.00000000,4672365,4672365,1650512334508,True,True
3265216,0.34110000,35.20000000,4672366,4672366,1650512801345,False,True
3265217,0.34120000,67.90000000,4672367,4672367,1650513043720,False,True
3265218,0.34100000,974.70000000,4672368,4672368,1650513106859,False,True
3265219,0.34150000,437.20000000,4672369,4672370,1650513696989,False,True
3265220,0.34160000,35.20000000,4672371,4672371,1650513727821,False,True
3265221,0.34160000,146.40000000,4672372,4672373,1650513732793,False,True
3265222,0.34100000,171.00000000,4672374,4672374,1650513854323,True,True
3265223,0.34100000,387.00000000,4672375,4672375,1650513854325,True,True
3265224,0.34100000,175.10000000,4672376,4672376,1650513854348,True,True
3265225,0.34100000,89.00000000,4672377,4672378,1650513856028,True,True
3265226,0.34150000,124.60000000,4672379,4672380,1650514006245,False,True
3265227,0.34160000,1517.00000000,4672381,4672381,1650514006245,False,True
3265228,0.34170000,974.20000000,4672382,4672382,1650514006245,False,True
3265229,0.34140000,147.00000000,4672383,4672385,1650514006637,True,True
3265230,0.34190000,58.90000000,4672386,4672386,1650514334563,True,True
3265231,0.34170000,234.10000000,4672387,4672387,1650514334563,True,True
3265232,0.34170000,266.00000000,4672388,4672389,1650514334580,True,True
3265233,0.34230000,87.70000000,4672390,4672391,1650514452365,False,True
3265234,0.34230000,57.50000000,4672392,4672393,1650514454925,False,True
3265235,0.34230000,62.10000000,4672394,4672394,1650514487431,False,True
3265236,0.34230000,1705.90000000,4672395,4672395,1650514487472,True,True
3265237,0.34260000,71.90000000,4672396,4672396,1650514492164,True,True
3265238,0.34240000,105.80000000,4672397,4672397,1650514569233,True,True
3265239,0.34240000,121.40000000,4672398,4672400,1650514571185,True,True
3265240,0.34240000,94.10000000,4672401,4672401,1650514573240,True,True
3265241,0.34240000,1947.00000000,4672402,4672402,1650514718088,True,True
3265242,0.34240000,657.00000000,4672403,4672403,1650514718111,True,True
3265243,0.34240000,627.00000000,4672404,4672404,1650514718113,True,True
3265244,0.34240000,639.00000000,4672405,4672405,1650514718119,True,True
3265245,0.34260000,62.80000000,4672406,4672406,1650514720213,True,True
3265246,0.34190000,1000.00000000,4672407,4672407,1650514860863,True,True
3265247,0.34230000,134.70000000,4672408,4672409,1650514942008,False,True
3265248,0.34190000,471.20000000,4672410,4672411,1650515051796,True,True
3265249,0.34190000,73.10000000,4672412,4672412,1650515157042,False,True
3265250,0.34140000,763.50000000,4672413,4672413,1650515317752,True,True
3265251,0.34140000,136.50000000,4672414,4672414,1650515368909,True,True
3265252,0.34140000,75.00000000,4672415,4672415,1650515369056,True,True
3265253,0.34130000,514.00000000,4672416,4672417,1650515428071,True,True
3265254,0.34140000,63.90000000,4672418,4672418,1650515430082,True,True
3265255,0.34130000,1999.90000000,4672419,4672420,1650515469430,True,True
3265256,0.34160000,72.00000000,4672421,4672421,1650515586476,True,True
3265257,0.34150000,246.40000000,4672422,4672422,1650515586476,True,True
3265258,0.34180000,9.60000000,4672423,4672423,1650515649084,False,True
3265259,0.34180000,30.60000000,4672424,4672424,1650515834869,False,True
3265260,0.34190000,27.90000000,4672425,4672425,1650515834869,False,True
3265261,0.34140000,107.00000000,4672426,4672426,1650515868802,True,True
3265262,0.34140000,0.40000000,4672427,4672427,1650515868908,True,True
3265263,0.34100000,29.40000000,4672428,4672428,1650515944338,True,True
3265264,0.34100000,1540.00000000,4672429,4672430,1650516376065,True,True
3265265,0.34060000,395.00000000,4672431,4672432,1650516377618,True,True
3265266,0.34060000,293.00000000,4672433,4672433,1650516379821,True,True
3265267,0.34060000,1003.90000000,4672434,4672435,1650516394542,True,True
3265268,0.34050000,46.10000000,4672436,4672436,1650516394542,True,True
3265269,0.34050000,2.90000000,4672437,4672437,1650516403832,True,True
3265270,0.34030000,290.10000000,4672438,4672439,1650516403832,True,True
3265271,0.34030000,377.00000000,4672440,4672441,1650516404116,True,True
3265272,0.34080000,334.40000000,4672442,4672445,1650516405231,False,True
3265273,0.34050000,212.80000000,4672446,4672448,1650516412416,True,True
3265274,0.34050000,0.20000000,4672449,4672449,1650516412494,True,True
3265275,0.34030000,294.90000000,4672450,4672450,1650516819679,True,True
3265276,0.34100000,102.70000000,4672451,4672451,1650517419003,False,True
3265277,0.34120000,50.60000000,4672452,4672452,1650517829342,False,True
3265278,0.34080000,2613.30000000,4672453,4672455,1650517924754,True,True
3265279,0.34140000,34.40000000,4672456,4672456,1650517957774,False,True
3265280,0.34170000,261.80000000,4672457,4672457,1650517978261,False,True
3265281,0.34170000,394.30000000,4672458,4672458,1650517986121,False,True
3265282,0.34140000,103.40000000,4672459,4672460,1650518144562,False,True
3265283,0.34150000,20.60000000,4672461,4672461,1650518144562,False,True
3265284,0.34160000,259.00000000,4672462,4672462,1650518321764,False,True
3265285,0.34170000,2321.30000000,4672463,4672464,1650518321764,False,True
3265286,0.34180000,350.10000000,4672465,4672465,1650518321764,False,True
3265287,0.34190000,1138.30000000,4672466,4672467,1650518321764,False,True
3265288,0.34200000,321.20000000,4672468,4672468,1650518321764,False,True
3265289,0.34240000,2100.00000000,4672469,4672469,1650518321764,False,True
3265290,0.34250000,43.30000000,4672470,4672470,1650518321764,False,True
3265291,0.34200000,331.40000000,4672471,4672471,1650518322959,True,True
3265292,0.34150000,188.70000000,4672472,4672474,1650518467571,True,True
3265293,0.34140000,576.10000000,4672475,4672476,1650518467571,True,True
3265294,0.34120000,2325.20000000,4672477,4672478,1650518467571,True,True
3265295,0.34130000,259.00000000,4672479,4672479,1650518468011,False,True
3265296,0.34130000,213.30000000,4672480,4672482,1650518469013,False,True
3265297,0.34170000,29.60000000,4672483,4672483,1650518488843,False,True
3265298,0.34150000,53.50000000,4672484,4672484,1650518758910,True,True
3265299,0.34100000,214.50000000,4672485,4672487,1650518958376,True,True
3265300,0.34090000,259.00000000,4672488,4672488,1650518958376,True,True
3265301,0.34080000,636.50000000,4672489,4672489,1650518958376,True,True
3265302,0.34080000,293.00000000,4672490,4672490,1650518958514,True,True
3265303,0.34080000,214.00000000,4672491,4672491,1650518960513,True,True
3265304,0.34080000,33.00000000,4672492,4672492,1650519020975,True,True
3265305,0.34090000,31.00000000,4672493,4672493,1650519187863,False,True
3265306,0.34090000,809.50000000,4672494,4672495,1650519216033,False,True
3265307,0.34100000,293.00000000,4672496,4672498,1650519247908,True,True
3265308,0.34100000,293.00000000,4672499,4672502,1650519249118,True,True
3265309,0.34100000,293.00000000,4672503,4672506,1650519321891,True,True
3265310,0.34100000,146.70000000,4672507,4672508,1650519323005,True,True
3265311,0.34090000,146.30000000,4672509,4672509,1650519323005,True,True
3265312,0.34080000,133.10000000,4672510,4672511,1650519405282,False,True
3265313,0.34060000,589.60000000,4672512,4672517,1650519508453,True,True
3265314,0.34070000,1287.00000000,4672518,4672528,1650519597600,False,True
3265315,0.34080000,3166.10000000,4672529,4672532,1650519597600,False,True
3265316,0.34080000,623.60000000,4672533,4672533,1650519597609,True,True
3265317,0.34030000,115.10000000,4672534,4672535,1650519598667,True,True
3265318,0.34020000,479.90000000,4672536,4672539,1650519598667,True,True
3265319,0.34070000,51.70000000,4672540,4672540,1650519602330,False,True
3265320,0.34030000,51.70000000,4672541,4672541,1650519857388,True,True
3265321,0.34030000,342.20000000,4672542,4672542,1650519857423,False,True
3265322,0.34050000,102.10000000,4672543,4672543,1650519911669,False,True
3265323,0.34010000,326.50000000,4672544,4672545,1650520038612,True,True
3265324,0.34000000,74.40000000,4672546,4672546,1650520043709,True,True
3265325,0.34040000,294.80000000,4672547,4672548,1650520270351,False,True
3265326,0.34000000,426.00000000,4672549,4672550,1650520308532,True,True
3265327,0.34000000,810.00000000,4672551,4672559,1650520318017,True,True
3265328,0.33990000,1660.00000000,4672560,4672560,1650520318017,True,True
3265329,0.34010000,55.80000000,4672561,4672561,1650520365390,True,True
3265330,0.34020000,1757.70000000,4672562,4672564,1650520592709,False,True
3265331,0.34020000,863.90000000,4672565,4672566,1650520593272,False,True
3265332,0.34030000,893.80000000,4672567,4672568,1650520593272,False,True
3265333,0.34020000,57.60000000,4672569,4672569,1650520593851,False,True
3265334,0.34000000,58.90000000,4672570,4672570,1650520631141,True,True
3265335,0.33990000,288.00000000,4672571,4672571,1650520631141,True,True
3265336,0.33980000,58.50000000,4672572,4672572,1650520966681,True,True
3265337,0.34030000,65.00000000,4672573,4672573,1650521388698,False,True
3265338,0.34040000,43.70000000,4672574,4672574,1650521469254,False,True
3265339,0.34040000,657.00000000,4672575,4672575,1650521472916,False,True
3265340,0.34040000,322.80000000,4672576,4672576,1650521502682,False,True
3265341,0.34080000,318.10000000,4672577,4672577,1650521503280,False,True
3265342,0.34080000,320.20000000,4672578,4672578,1650521547568,False,True
3265343,0.34090000,50.10000000,4672579,4672579,1650521548412,False,True
3265344,0.34100000,35.00000000,4672580,4672580,1650521617498,False,True
3265345,0.34100000,1304.00000000,4672581,4672582,1650521642299,False,True
3265346,0.34130000,73.00000000,4672583,4672583,1650521785138,False,True
3265347,0.34140000,70.00000000,4672584,4672584,1650521785138,False,True
3265348,0.34140000,71.50000000,4672585,4672585,1650521787265,False,True
3265349,0.34140000,955.20000000,4672586,4672586,1650521823911,False,True
3265350,0.34140000,55.70000000,4672587,4672587,1650521844655,False,True
3265351,0.34140000,47.60000000,4672588,4672588,1650521845211,False,True
3265352,0.34160000,154.80000000,4672589,4672589,1650521845211,False,True
3265353,0.34180000,46.60000000,4672590,4672590,1650521847250,False,True
3265354,0.34160000,209.70000000,4672591,4672591,1650521904653,False,True
3265355,0.34170000,96.70000000,4672592,4672592,1650521904653,False,True
3265356,0.34170000,1016.30000000,4672593,4672593,1650522022485,False,True
3265357,0.34190000,58.50000000,4672594,4672594,1650522022993,False,True
3265358,0.34160000,66.50000000,4672595,4672595,1650522066981,True,True
3265359,0.34160000,119.20000000,4672596,4672597,1650522067054,True,True
3265360,0.34200000,66.50000000,4672598,4672598,1650522067113,False,True
3265361,0.34130000,521.90000000,4672599,4672600,1650522072624,True,True
3265362,0.34120000,1009.10000000,4672601,4672601,1650522072624,True,True
3265363,0.34160000,62.50000000,4672602,4672602,1650522082110,False,True
3265364,0.34180000,582.60000000,4672603,4672603,1650522082979,True,True
3265365,0.34180000,344.50000000,4672604,4672604,1650522083399,False,True
3265366,0.34190000,128.90000000,4672605,4672606,1650522083399,False,True
3265367,0.34200000,315.60000000,4672607,4672607,1650522083399,False,True
3265368,0.34210000,1977.30000000,4672608,4672608,1650522083399,False,True
3265369,0.34220000,891.20000000,4672609,4672610,1650522083399,False,True
3265370,0.34180000,209.70000000,4672611,4672611,1650522084701,True,True
3265371,0.34170000,379.80000000,4672612,4672612,1650522084701,True,True
3265372,0.34150000,593.40000000,4672613,4672614,1650522084701,True,True
3265373,0.34270000,736.80000000,4672615,4672615,1650522143800,False,True
3265374,0.34270000,395.60000000,4672616,4672616,1650522143806,True,True
3265375,0.34270000,370.00000000,4672617,4672618,1650522144114,False,True
3265376,0.34270000,307.00000000,4672619,4672619,1650522146804,False,True
3265377,0.34270000,50.00000000,4672620,4672620,1650522146812,True,True
3265378,0.34230000,50.00000000,4672621,4672621,1650522146831,True,True
3265379,0.34270000,64.90000000,4672622,4672622,1650522150406,False,True
3265380,0.34270000,50.00000000,4672623,4672623,1650522150417,True,True
3265381,0.34270000,51.00000000,4672624,4672624,1650522155282,False,True
3265382,0.34300000,1193.30000000,4672625,4672628,1650522155282,False,True
3265383,0.34300000,4870.70000000,4672629,4672632,1650522183377,False,True
3265384,0.34300000,39.00000000,4672633,4672633,1650522183383,True,True
3265385,0.34300000,1119.50000000,4672634,4672634,1650522183392,True,True
3265386,0.34300000,128.70000000,4672635,4672635,1650522183403,True,True
3265387,0.34300000,1119.50000000,4672636,4672636,1650522183408,True,True
3265388,0.34300000,1119.50000000,4672637,4672637,1650522183417,True,True
3265389,0.34310000,173.90000000,4672638,4672638,1650522185250,False,True
3265390,0.34320000,2461.20000000,4672639,4672641,1650522245234,False,True
3265391,0.34320000,151.50000000,4672642,4672642,1650522308551,False,True
3265392,0.34330000,1020.70000000,4672643,4672652,1650522308551,False,True
3265393,0.34340000,4238.30000000,4672653,4672655,1650522308551,False,True
3265394,0.34320000,151.50000000,4672656,4672656,1650522476808,False,True
3265395,0.34330000,209.70000000,4672657,4672657,1650522476808,False,True
3265396,0.34340000,797.60000000,4672658,4672658,1650522476808,False,True
3265397,0.34290000,353.00000000,4672659,4672659,1650522586696,True,True
3265398,0.34290000,203.70000000,4672660,4672660,1650522666732,True,True
3265399,0.34340000,803.70000000,4672661,4672661,1650522735746,False,True
3265400,0.34350000,123.70000000,4672662,4672663,1650522735757,False,True
3265401,0.34350000,32.30000000,4672664,4672664,1650522736112,False,True
3265402,0.34340000,74.90000000,4672665,4672665,1650522748298,True,True
3265403,0.34360000,82.80000000,4672666,4672666,1650522778651,False,True
3265404,0.34370000,134.30000000,4672667,4672667,1650522778651,False,True
3265405,0.34370000,125.60000000,4672668,4672668,1650522778728,True,True
3265406,0.34370000,176.00000000,4672669,4672669,1650522778754,True,True
3265407,0.34370000,1500.00000000,4672670,4672670,1650522779304,True,True
3265408,0.34370000,1500.00000000,4672671,4672671,1650522780378,True,True
3265409,0.34370000,1500.00000000,4672672,4672672,1650522781353,True,True
3265410,0.34370000,4978.40000000,4672673,4672673,1650522781495,True,True
3265411,0.34370000,375.00000000,4672674,4672674,1650522781652,True,True
3265412,0.34370000,4762.90000000,4672675,4672675,1650522781661,True,True
3265413,0.34370000,1500.00000000,4672676,4672676,1650522782391,True,True
3265414,0.34370000,423.00000000,4672677,4672677,1650522782671,True,True
3265415,0.34370000,1500.00000000,4672678,4672678,1650522783456,True,True
3265416,0.34370000,251.00000000,4672679,4672679,1650522783687,True,True
3265417,0.34370000,610.40000000,4672680,4672680,1650522784483,True,True
3265418,0.34340000,619.20000000,4672681,4672682,1650522804103,True,True
3265419,0.34330000,471.70000000,4672683,4672684,1650522846362,True,True
3265420,0.34320000,2100.00000000,4672685,4672685,1650522926436,True,True
3265421,0.34310000,2187.10000000,4672686,4672687,1650522926436,True,True
3265422,0.34290000,62.40000000,4672688,4672688,1650523137313,True,True
3265423,0.34290000,45.90000000,4672689,4672689,1650523285671,False,True
3265424,0.34290000,109.10000000,4672690,4672690,1650523373784,True,True
3265425,0.34290000,7831.00000000,4672691,4672691,1650523373792,True,True
3265426,0.34290000,2266.90000000,4672692,4672692,1650523373809,True,True
3265427,0.34250000,4439.00000000,4672693,4672693,1650523386962,True,True
3265428,0.34250000,4439.00000000,4672694,4672694,1650523386963,True,True
3265429,0.34250000,2973.20000000,4672695,4672695,1650523386964,True,True
3265430,0.34240000,1465.80000000,4672696,4672697,1650523386964,True,True
3265431,0.34240000,71.60000000,4672698,4672698,1650523386966,True,True
3265432,0.34240000,882.00000000,4672699,4672699,1650523386966,True,True
3265433,0.34240000,5091.70000000,4672700,4672700,1650523386975,True,True
3265434,0.34200000,4845.10000000,4672701,4672702,1650523386975,True,True
3265435,0.34190000,2271.90000000,4672703,4672704,1650523386975,True,True
3265436,0.34180000,738.40000000,4672705,4672714,1650523386975,True,True
3265437,0.34150000,610.20000000,4672715,4672715,1650523386975,True,True
3265438,0.34140000,134.30000000,4672716,4672716,1650523386975,True,True
3265439,0.34130000,82.80000000,4672717,4672717,1650523386975,True,True
3265440,0.34110000,207.30000000,4672718,4672719,1650523386975,True,True
3265441,0.34100000,1725.30000000,4672720,4672720,1650523386975,True,True
3265442,0.34090000,859.50000000,4672721,4672721,1650523386975,True,True
3265443,0.34080000,1241.60000000,4672722,4672722,1650523386975,True,True
3265444,0.34050000,49.00000000,4672723,4672723,1650523386975,True,True
3265445,0.34110000,70.40000000,4672724,4672724,1650523386991,False,True
3265446,0.34210000,739.10000000,4672725,4672725,1650523402572,True,True
3265447,0.34250000,50.00000000,4672726,4672726,1650523532792,False,True
3265448,0.34220000,507.90000000,4672727,4672727,1650523613069,True,True
3265449,0.34250000,55.60000000,4672728,4672728,1650523618665,False,True
3265450,0.34220000,828.40000000,4672729,4672730,1650523636438,True,True
3265451,0.34220000,276.30000000,4672731,4672731,1650523636508,True,True
3265452,0.34250000,286.80000000,4672732,4672734,1650523653760,False,True
3265453,0.34240000,430.90000000,4672735,4672735,1650523705926,False,True
3265454,0.34240000,1326.00000000,4672736,4672736,1650523737616,False,True
3265455,0.34170000,185.60000000,4672737,4672739,1650523975331,True,True
3265456,0.34160000,739.90000000,4672740,4672740,1650523975331,True,True
3265457,0.34150000,2272.70000000,4672741,4672742,1650523975331,True,True
3265458,0.34150000,133.00000000,4672743,4672744,1650523975780,False,True
3265459,0.34160000,81.20000000,4672745,4672745,1650523977235,False,True
3265460,0.34160000,68.60000000,4672746,4672746,1650523979232,False,True
3265461,0.34170000,65.80000000,4672747,4672747,1650523979232,False,True
3265462,0.34170000,217.80000000,4672748,4672749,1650523981214,False,True
3265463,0.34180000,62.80000000,4672750,4672750,1650523981214,False,True
3265464,0.34190000,209.70000000,4672751,4672751,1650523983255,False,True
3265465,0.34210000,3.70000000,4672752,4672752,1650523983255,False,True
3265466,0.34200000,279.10000000,4672753,4672753,1650523998797,False,True
3265467,0.34150000,201.00000000,4672754,4672756,1650524113804,True,True
3265468,0.34150000,0.80000000,4672757,4672757,1650524113806,True,True
3265469,0.34140000,62.80000000,4672758,4672758,1650524113806,True,True
3265470,0.34120000,145.40000000,4672759,4672759,1650524113806,True,True
3265471,0.34120000,191.90000000,4672760,4672760,1650524113821,True,True
3265472,0.34100000,291.10000000,4672761,4672761,1650524113821,True,True
3265473,0.34100000,73.70000000,4672762,4672762,1650524113823,True,True
3265474,0.34040000,585.30000000,4672763,4672770,1650524113823,True,True
3265475,0.34040000,155.90000000,4672771,4672773,1650524113837,True,True
3265476,0.34030000,35.10000000,4672774,4672774,1650524113837,True,True
3265477,0.34040000,209.00000000,4672775,4672775,1650524113933,True,True
3265478,0.34080000,681.80000000,4672776,4672776,1650524113952,False,True
3265479,0.34080000,898.10000000,4672777,4672777,1650524113960,False,True
3265480,0.34060000,209.70000000,4672778,4672778,1650524114004,True,True
3265481,0.34050000,991.30000000,4672779,4672779,1650524114004,True,True
3265482,0.34030000,104.00000000,4672780,4672780,1650524114018,True,True
3265483,0.34040000,209.70000000,4672781,4672781,1650524114047,True,True
3265484,0.34030000,1561.30000000,4672782,4672782,1650524114047,True,True
3265485,0.34030000,210.40000000,4672783,4672783,1650524114053,True,True
3265486,0.34010000,1621.60000000,4672784,4672784,1650524114053,True,True
3265487,0.34010000,104.00000000,4672785,4672785,1650524114057,True,True
3265488,0.34020000,209.70000000,4672786,4672786,1650524124179,True,True
3265489,0.34010000,7.10000000,4672787,4672787,1650524124179,True,True
3265490,0.34000000,35.20000000,4672788,4672788,1650524124179,True,True
3265491,0.33990000,1246.20000000,4672789,4672789,1650524124179,True,True
3265492,0.33980000,393.30000000,4672790,4672791,1650524124179,True,True
3265493,0.33970000,417.50000000,4672792,4672793,1650524124179,True,True
3265494,0.34030000,374.70000000,4672794,4672794,1650524124429,False,True
3265495,0.34040000,209.70000000,4672795,4672795,1650524124445,False,True
3265496,0.34050000,164.30000000,4672796,4672796,1650524124445,False,True
3265497,0.34050000,1579.90000000,4672797,4672797,1650524125193,False,True
3265498,0.34040000,202.30000000,4672798,4672800,1650524125542,False,True
3265499,0.34020000,209.00000000,4672801,4672801,1650524125617,True,True
3265500,0.34020000,209.00000000,4672802,4672802,1650524125910,True,True
3265501,0.34040000,209.70000000,4672803,4672803,1650524128520,False,True
3265502,0.34030000,295.00000000,4672804,4672804,1650524129686,True,True
3265503,0.33990000,203.80000000,4672805,4672807,1650524136491,True,True
3265504,0.33980000,209.70000000,4672808,4672808,1650524136491,True,True
3265505,0.33970000,260.90000000,4672809,4672809,1650524136491,True,True
3265506,0.33960000,462.20000000,4672810,4672812,1650524136491,True,True
3265507,0.33940000,208.30000000,4672813,4672814,1650524136491,True,True
3265508,0.33930000,246.30000000,4672815,4672815,1650524136491,True,True
3265509,0.33900000,1525.70000000,4672816,4672826,1650524136491,True,True
3265510,0.33890000,5624.10000000,4672827,4672829,1650524136491,True,True
3265511,0.33880000,1267.60000000,4672830,4672831,1650524136491,True,True
3265512,0.33870000,2167.00000000,4672832,4672832,1650524136491,True,True
3265513,0.33900000,1028.50000000,4672833,4672842,1650524136501,True,True
3265514,0.33850000,356.10000000,4672843,4672844,1650524136501,True,True
3265515,0.33840000,478.40000000,4672845,4672845,1650524136501,True,True
3265516,0.33860000,209.70000000,4672846,4672846,1650524136512,True,True
3265517,0.33810000,268.50000000,4672847,4672848,1650524136512,True,True
3265518,0.33800000,83.60000000,4672849,4672849,1650524136512,True,True
3265519,0.33790000,88.80000000,4672850,4672850,1650524136512,True,True
3265520,0.33780000,648.60000000,4672851,4672852,1650524136512,True,True
3265521,0.33770000,563.80000000,4672853,4672854,1650524136512,True,True
3265522,0.33770000,36.50000000,4672855,4672855,1650524136512,True,True
3265523,0.33770000,36.50000000,4672856,4672856,1650524136512,True,True
3265524,0.33820000,280.40000000,4672857,4672858,1650524136522,True,True
3265525,0.33920000,69.00000000,4672859,4672859,1650524136836,False,True
3265526,0.33930000,331.50000000,4672860,4672860,1650524136836,False,True
3265527,0.33940000,209.70000000,4672861,4672861,1650524136847,False,True
3265528,0.33850000,69.20000000,4672862,4672862,1650524136905,True,True
3265529,0.33840000,423.00000000,4672863,4672863,1650524136905,True,True
3265530,0.33830000,448.00000000,4672864,4672864,1650524136905,True,True
3265531,0.33920000,134.80000000,4672865,4672866,1650524136942,False,True
