12183086,2.20200000,9.00000000,19.81800000,1650499204623,True,True
12183087,2.20200000,9.00000000,19.81800000,1650499206564,True,True
12183088,2.20200000,9.00000000,19.81800000,1650499208723,True,True
12183089,2.20200000,9.00000000,19.81800000,1650499213057,True,True
12183090,2.20300000,14.30000000,31.50290000,1650499254941,False,True
12183091,2.20300000,285.00000000,627.85500000,1650499335660,False,True
12183092,2.20600000,45.20000000,99.71120000,1650499337605,True,True
12183093,2.20600000,64.80000000,142.94880000,1650499337608,True,True
12183094,2.20400000,5.10000000,11.24040000,1650499338574,True,True
12183095,2.20300000,54.40000000,119.84320000,1650499379491,False,True
12183096,2.20500000,45.80000000,100.98900000,1650499379515,False,True
12183097,2.20500000,35.70000000,78.71850000,1650499379515,False,True
12183098,2.20000000,15.00000000,33.00000000,1650499479991,True,True
12183099,2.20000000,95.00000000,209.00000000,1650499481702,True,True
12183100,2.19700000,9.00000000,19.77300000,1650499485491,True,True
12183101,2.20000000,12.00000000,26.40000000,1650499492495,True,True
12183102,2.20200000,110.00000000,242.22000000,1650499498694,False,True
12183103,2.20200000,22.60000000,49.76520000,1650499507717,False,True
12183104,2.20300000,63.00000000,138.78900000,1650499507717,False,True
12183105,2.20000000,22.00000000,48.40000000,1650499525382,True,True
12183106,2.20500000,7.50000000,16.53750000,1650499546846,False,True
12183107,2.20600000,110.00000000,242.66000000,1650499568725,True,True
12183108,2.20500000,45.80000000,100.98900000,1650499568733,True,True
12183109,2.20400000,15.30000000,33.72120000,1650499570400,False,True
12183110,2.20500000,9.10000000,20.06550000,1650499570400,False,True
12183111,2.20400000,9.00000000,19.83600000,1650499617740,True,True
12183112,2.20400000,9.00000000,19.83600000,1650499620482,True,True
12183113,2.20400000,9.00000000,19.83600000,1650499625211,True,True
12183114,2.20400000,110.00000000,242.44000000,1650499654344,True,True
12183115,2.20500000,4.90000000,10.80450000,1650499655484,False,True
12183116,2.20400000,110.00000000,242.44000000,1650499665388,True,True
12183117,2.20400000,110.00000000,242.44000000,1650499680401,True,True
12183118,2.20200000,23.00000000,50.64600000,1650499695715,False,True
12183119,2.20200000,87.00000000,191.57400000,1650499716520,False,True
12183120,2.20300000,110.00000000,242.33000000,1650499779743,True,True
12183121,2.20100000,9.00000000,19.80900000,1650499790070,True,True
12183122,2.20100000,9.00000000,19.80900000,1650499792978,True,True
12183123,2.20100000,9.00000000,19.80900000,1650499795386,True,True
12183124,2.20100000,9.00000000,19.80900000,1650499797891,True,True
12183125,2.20100000,9.00000000,19.80900000,1650499805354,True,True
12183126,2.20400000,110.00000000,242.44000000,1650499845391,False,True
12183127,2.20200000,110.00000000,242.22000000,1650499852293,True,True
12183128,2.20200000,110.00000000,242.22000000,1650499863311,True,True
12183129,2.20200000,23.00000000,50.64600000,1650499863599,False,True
12183130,2.20200000,110.00000000,242.22000000,1650499867982,False,True
12183131,2.20200000,14.40000000,31.70880000,1650499870659,False,True
12183132,2.20200000,8.60000000,18.93720000,1650499870659,False,True
12183133,2.20200000,8.50000000,18.71700000,1650499870703,False,True
12183134,2.20200000,23.00000000,50.64600000,1650499872868,False,True
12183135,2.20300000,110.00000000,242.33000000,1650499883215,False,True
12183136,2.20400000,110.00000000,242.44000000,1650500055627,True,True
12183137,2.20300000,110.00000000,242.33000000,1650500055640,True,True
12183138,2.20200000,110.00000000,242.22000000,1650500056977,True,True
12183139,2.20200000,11.50000000,25.32300000,1650500056977,True,True
12183140,2.20200000,11.50000000,25.32300000,1650500056977,True,True
12183141,2.20200000,8.10000000,17.83620000,1650500056977,True,True
12183142,2.20200000,3.40000000,7.48680000,1650500057052,True,True
12183143,2.20200000,5.10000000,11.23020000,1650500057052,True,True
12183144,2.20500000,110.00000000,242.55000000,1650500122140,False,True
12183145,2.20400000,11.90000000,26.22760000,1650500315897,True,True
12183146,2.20300000,110.00000000,242.33000000,1650500355254,True,True
12183147,2.20200000,6.40000000,14.09280000,1650500356545,True,True
12183148,2.20200000,11.50000000,25.32300000,1650500356545,True,True
12183149,2.20200000,11.50000000,25.32300000,1650500356545,True,True
12183150,2.20200000,11.50000000,25.32300000,1650500356545,True,True
12183151,2.20200000,11.50000000,25.32300000,1650500356545,True,True
12183152,2.20200000,11.50000000,25.32300000,1650500356545,True,True
12183153,2.20200000,10.80000000,23.78160000,1650500356545,True,True
12183154,2.19900000,110.00000000,241.89000000,1650500577904,True,True
12183155,2.19700000,9.00000000,19.77300000,1650500725126,True,True
12183156,2.19700000,9.00000000,19.77300000,1650500748955,True,True
12183157,2.19700000,9.00000000,19.77300000,1650500750943,True,True
12183158,2.19700000,9.90000000,21.75030000,1650500763287,True,True
12183159,2.19900000,78.00000000,171.52200000,1650500872400,False,True
12183160,2.19900000,32.00000000,70.36800000,1650500872412,False,True
12183161,2.20100000,110.00000000,242.11000000,1650500875189,True,True
12183162,2.20400000,110.00000000,242.44000000,1650500984988,False,True
12183163,2.20100000,110.00000000,242.11000000,1650501037135,True,True
12183164,2.20000000,26.20000000,57.64000000,1650501037157,False,True
12183165,2.20000000,83.80000000,184.36000000,1650501037162,False,True
12183166,2.20100000,255.90000000,563.23590000,1650501037162,False,True
12183167,2.20000000,110.00000000,242.00000000,1650501037222,False,True
12183168,2.19900000,110.00000000,241.89000000,1650501038399,True,True
12183169,2.19800000,37.70000000,82.86460000,1650501039485,True,True
12183170,2.19800000,110.00000000,241.78000000,1650501039485,True,True
12183171,2.19800000,110.00000000,241.78000000,1650501040133,True,True
12183172,2.19800000,70.10000000,154.07980000,1650501040690,False,True
12183173,2.19800000,27.80000000,61.10440000,1650501040824,False,True
12183174,2.19700000,110.00000000,241.67000000,1650501041903,True,True
12183175,2.19800000,110.00000000,241.78000000,1650501166951,True,True
12183176,2.19700000,54.00000000,118.63800000,1650501166951,True,True
12183177,2.19600000,36.10000000,79.27560000,1650501166951,True,True
12183178,2.19900000,110.00000000,241.89000000,1650501190695,False,True
12183179,2.19800000,110.00000000,241.78000000,1650501312028,True,True
12183180,2.19900000,4.60000000,10.11540000,1650501325070,False,True
12183181,2.19900000,8.40000000,18.47160000,1650501368840,False,True
12183182,2.20000000,110.00000000,242.00000000,1650501534767,False,True
12183183,2.20100000,320.00000000,704.32000000,1650501534767,False,True
12183184,2.20200000,110.00000000,242.22000000,1650501534767,False,True
12183185,2.20200000,176.90000000,389.53380000,1650501534767,False,True
12183186,2.20300000,101.40000000,223.38420000,1650501534767,False,True
12183187,2.20200000,14.50000000,31.92900000,1650501534824,False,True
12183188,2.20500000,29.20000000,64.38600000,1650501535198,True,True
12183189,2.20700000,6.10000000,13.46270000,1650501763776,False,True
12183190,2.20700000,89.80000000,198.18860000,1650501763776,False,True
12183191,2.20700000,41.90000000,92.47330000,1650501763784,False,True
12183192,2.20700000,7.60000000,16.77320000,1650501768660,False,True
12183193,2.20800000,9.00000000,19.87200000,1650501768660,False,True
12183194,2.20800000,6.40000000,14.13120000,1650501768660,False,True
12183195,2.20600000,23.00000000,50.73800000,1650501769680,False,True
12183196,2.20600000,23.00000000,50.73800000,1650501770657,False,True
12183197,2.20600000,64.00000000,141.18400000,1650501771751,False,True
12183198,2.20700000,7.70000000,16.99390000,1650501772665,False,True
12183199,2.20700000,110.00000000,242.77000000,1650501773459,True,True
12183200,2.20600000,320.00000000,705.92000000,1650501773459,True,True
12183201,2.20600000,320.00000000,705.92000000,1650501773459,True,True
12183202,2.20600000,15.30000000,33.75180000,1650501773827,False,True
12183203,2.20600000,110.00000000,242.66000000,1650501776749,False,True
12183204,2.20600000,137.80000000,303.98680000,1650501783929,False,True
12183205,2.20600000,23.00000000,50.73800000,1650501786651,False,True
12183206,2.20600000,23.00000000,50.73800000,1650501788189,False,True
12183207,2.20600000,110.00000000,242.66000000,1650501790612,False,True
12183208,2.20600000,23.00000000,50.73800000,1650501790795,False,True
12183209,2.20600000,137.80000000,303.98680000,1650501795078,False,True
12183210,2.20600000,627.50000000,1384.26500000,1650501795087,False,True
12183211,2.20600000,792.60000000,1748.47560000,1650501795089,False,True
12183212,2.21000000,5.50000000,12.15500000,1650501939758,False,True
12183213,2.21000000,3.40000000,7.51400000,1650501939758,False,True
12183214,2.21000000,1.30000000,2.87300000,1650501940434,False,True
12183215,2.21100000,110.00000000,243.21000000,1650502106448,False,True
12183216,2.21200000,101.00000000,223.41200000,1650502107168,False,True
12183217,2.21200000,0.40000000,0.88480000,1650502107168,False,True
12183218,2.21200000,4.30000000,9.51160000,1650502107173,False,True
12183219,2.21300000,4.70000000,10.40110000,1650502107703,False,True
12183220,2.21300000,45.80000000,101.35540000,1650502107703,False,True
12183221,2.21300000,110.00000000,243.43000000,1650502251489,False,True
12183222,2.21400000,5.80000000,12.84120000,1650502259344,False,True
12183223,2.21300000,127.60000000,282.37880000,1650502264728,True,True
12183224,2.21300000,440.20000000,974.16260000,1650502264741,True,True
12183225,2.21000000,27.50000000,60.77500000,1650502265980,True,True
12183226,2.20800000,4.70000000,10.37760000,1650502266832,True,True
12183227,2.20800000,54.90000000,121.21920000,1650502267051,True,True
12183228,2.20800000,6.80000000,15.01440000,1650502268630,True,True
12183229,2.20600000,17.10000000,37.72260000,1650502342161,True,True
12183230,2.20600000,14.50000000,31.98700000,1650502342161,True,True
12183231,2.20600000,14.40000000,31.76640000,1650502342161,True,True
12183232,2.20500000,37.20000000,82.02600000,1650502342161,True,True
12183233,2.20300000,8.50000000,18.72550000,1650502342161,True,True
12183234,2.20400000,43.40000000,95.65360000,1650502445053,True,True
12183235,2.20600000,110.00000000,242.66000000,1650502555923,True,True
12183236,2.20400000,66.60000000,146.78640000,1650502760813,True,True
12183237,2.20400000,109.90000000,242.21960000,1650502903231,True,True
12183238,2.20300000,25.20000000,55.51560000,1650502906811,True,True
12183239,2.20300000,84.80000000,186.81440000,1650502915336,True,True
12183240,2.20300000,76.20000000,167.86860000,1650502920101,True,True
12183241,2.20300000,9.00000000,19.82700000,1650502929790,True,True
12183242,2.20300000,9.00000000,19.82700000,1650502932069,True,True
12183243,2.20300000,9.00000000,19.82700000,1650502957726,True,True
12183244,2.20400000,9.00000000,19.83600000,1650502962480,True,True
12183245,2.20300000,6.80000000,14.98040000,1650503058089,True,True
12183246,2.20300000,45.40000000,100.01620000,1650503058089,True,True
12183247,2.20300000,110.30000000,242.99090000,1650503058089,True,True
12183248,2.20300000,55.50000000,122.26650000,1650503058100,True,True
12183249,2.20300000,7.00000000,15.42100000,1650503088396,True,True
12183250,2.20300000,7.00000000,15.42100000,1650503090467,True,True
12183251,2.20300000,42.80000000,94.28840000,1650503097712,True,True
12183252,2.20200000,79.40000000,174.83880000,1650503170549,True,True
12183253,2.20200000,172.50000000,379.84500000,1650503170549,True,True
12183254,2.20200000,110.00000000,242.22000000,1650503170549,True,True
12183255,2.20200000,138.80000000,305.63760000,1650503320236,False,True
12183256,2.20200000,110.00000000,242.22000000,1650503320236,False,True
12183257,2.20100000,110.00000000,242.11000000,1650503364044,True,True
12183258,2.20100000,110.00000000,242.11000000,1650503365867,True,True
12183259,2.20000000,86.30000000,189.86000000,1650503368818,True,True
12183260,2.20000000,41.30000000,90.86000000,1650503368818,True,True
12183261,2.20100000,22.60000000,49.74260000,1650503372048,True,True
12183262,2.20000000,124.70000000,274.34000000,1650503478250,True,True
12183263,2.19800000,9.00000000,19.78200000,1650503635785,True,True
12183264,2.19700000,9.00000000,19.77300000,1650503638347,True,True
12183265,2.19700000,104.70000000,230.02590000,1650503645314,True,True
12183266,2.19800000,110.00000000,241.78000000,1650503645481,False,True
12183267,2.19800000,42.10000000,92.53580000,1650504131176,False,True
12183268,2.19800000,110.00000000,241.78000000,1650504275872,True,True
12183269,2.19800000,110.00000000,241.78000000,1650504276696,True,True
12183270,2.20000000,110.00000000,242.00000000,1650504279134,False,True
12183271,2.20000000,176.90000000,389.18000000,1650504279134,False,True
12183272,2.20100000,79.60000000,175.19960000,1650504279218,False,True
12183273,2.20000000,110.00000000,242.00000000,1650504279907,True,True
12183274,2.20200000,82.20000000,181.00440000,1650504325701,False,True
12183275,2.20200000,27.80000000,61.21560000,1650504325713,False,True
12183276,2.20300000,176.90000000,389.71070000,1650504326080,False,True
12183277,2.20400000,9.00000000,19.83600000,1650504370062,True,True
12183278,2.20400000,9.00000000,19.83600000,1650504453897,True,True
12183279,2.20400000,9.00000000,19.83600000,1650504455933,True,True
12183280,2.20400000,9.00000000,19.83600000,1650504457927,True,True
12183281,2.20400000,9.00000000,19.83600000,1650504457982,True,True
12183282,2.20400000,6.00000000,13.22400000,1650504461054,True,True
12183283,2.20400000,6.00000000,13.22400000,1650504463282,True,True
12183284,2.20400000,7.00000000,15.42800000,1650504471306,True,True
12183285,2.20300000,27.30000000,60.14190000,1650504484403,True,True
12183286,2.20300000,15.50000000,34.14650000,1650504497273,True,True
12183287,2.20300000,142.60000000,314.14780000,1650504497273,True,True
12183288,2.20300000,9.00000000,19.82700000,1650504499730,True,True
12183289,2.20300000,44.00000000,96.93200000,1650504500640,True,True
12183290,2.20200000,110.00000000,242.22000000,1650504500640,True,True
12183291,2.20200000,123.20000000,271.28640000,1650504500640,True,True
12183292,2.20300000,89.70000000,197.60910000,1650504526451,True,True
12183293,2.20200000,22.60000000,49.76520000,1650504545362,True,True
12183294,2.20100000,11.50000000,25.31150000,1650504545362,True,True
12183295,2.20100000,42.80000000,94.20280000,1650504545362,True,True
12183296,2.20100000,34.00000000,74.83400000,1650504545362,True,True
12183297,2.20200000,22.60000000,49.76520000,1650504551843,True,True
12183298,2.20100000,145.60000000,320.46560000,1650504551843,True,True
12183299,2.20200000,22.60000000,49.76520000,1650504571027,True,True
12183300,2.20100000,20.40000000,44.90040000,1650504571027,True,True
12183301,2.20100000,11.50000000,25.31150000,1650504571027,True,True
12183302,2.20100000,11.50000000,25.31150000,1650504571027,True,True
12183303,2.20100000,11.50000000,25.31150000,1650504571027,True,True
12183304,2.20100000,11.50000000,25.31150000,1650504571027,True,True
12183305,2.20100000,11.50000000,25.31150000,1650504571027,True,True
12183306,2.20100000,11.50000000,25.31150000,1650504571027,True,True
12183307,2.20100000,11.50000000,25.31150000,1650504571027,True,True
12183308,2.20100000,11.50000000,25.31150000,1650504571027,True,True
12183309,2.20100000,11.40000000,25.09140000,1650504571027,True,True
12183310,2.20000000,35.50000000,78.10000000,1650504571027,True,True
12183311,2.20000000,140.40000000,308.88000000,1650504571060,True,True
12183312,2.20000000,6.00000000,13.20000000,1650504571060,True,True
12183313,2.20000000,22.60000000,49.72000000,1650504573489,True,True
12183314,2.20000000,22.60000000,49.72000000,1650504845831,True,True
12183315,2.19900000,89.40000000,196.59060000,1650504846335,True,True
12183316,2.19800000,79.60000000,174.96080000,1650504852671,True,True
12183317,2.19800000,36.30000000,79.78740000,1650504852671,True,True
12183318,2.19800000,22.60000000,49.67480000,1650504861454,True,True
12183319,2.19800000,22.60000000,49.67480000,1650504910965,True,True
12183320,2.19800000,180.50000000,396.73900000,1650504910965,True,True
12183321,2.19700000,11.60000000,25.48520000,1650504910983,True,True
12183322,2.19700000,68.20000000,149.83540000,1650504910983,True,True
12183323,2.19700000,11.60000000,25.48520000,1650504910983,True,True
12183324,2.19700000,11.60000000,25.48520000,1650504910983,True,True
12183325,2.19700000,11.60000000,25.48520000,1650504910983,True,True
12183326,2.19700000,11.60000000,25.48520000,1650504910983,True,True
12183327,2.19700000,11.60000000,25.48520000,1650504910983,True,True
12183328,2.19700000,11.60000000,25.48520000,1650504910983,True,True
12183329,2.19700000,11.60000000,25.48520000,1650504910983,True,True
12183330,2.19700000,11.60000000,25.48520000,1650504910983,True,True
12183331,2.19700000,10.70000000,23.50790000,1650504910983,True,True
12183332,2.19800000,4.60000000,10.11080000,1650504920428,False,True
12183333,2.19800000,9.80000000,21.54040000,1650504929765,False,True
12183334,2.19800000,17.10000000,37.58580000,1650504929765,False,True
12183335,2.19900000,110.00000000,241.89000000,1650504941551,False,True
12183336,2.19900000,140.10000000,308.07990000,1650504941551,False,True
12183337,2.19900000,42.80000000,94.11720000,1650504941551,False,True
12183338,2.20100000,110.00000000,242.11000000,1650504967369,False,True
12183339,2.20200000,156.70000000,345.05340000,1650504967759,False,True
12183340,2.20200000,407.60000000,897.53520000,1650504967759,False,True
12183341,2.20100000,67.10000000,147.68710000,1650504985667,False,True
12183342,2.20000000,22.60000000,49.72000000,1650505017037,True,True
12183343,2.20000000,22.60000000,49.72000000,1650505021327,True,True
12183344,2.20000000,22.60000000,49.72000000,1650505031949,True,True
12183345,2.20100000,110.00000000,242.11000000,1650505073658,False,True
12183346,2.20100000,115.40000000,253.99540000,1650505083345,True,True
12183347,2.20100000,22.60000000,49.74260000,1650505171563,True,True
12183348,2.20200000,4.60000000,10.12920000,1650505174600,False,True
12183349,2.20100000,22.60000000,49.74260000,1650505293010,True,True
12183350,2.20100000,15.10000000,33.23510000,1650505640739,True,True
12183351,2.20100000,22.60000000,49.74260000,1650505640994,True,True
12183352,2.20100000,22.60000000,49.74260000,1650505641325,True,True
12183353,2.20100000,22.60000000,49.74260000,1650505651829,True,True
12183354,2.20100000,22.60000000,49.74260000,1650505808244,True,True
12183355,2.20100000,22.60000000,49.74260000,1650505811579,True,True
12183356,2.20100000,20.70000000,45.56070000,1650505831330,True,True
12183357,2.20000000,110.00000000,242.00000000,1650505832116,True,True
12183358,2.20000000,110.00000000,242.00000000,1650505835219,True,True
12183359,2.20000000,110.00000000,242.00000000,1650505925378,True,True
12183360,2.19900000,162.20000000,356.67780000,1650505931965,True,True
12183361,2.19700000,17.20000000,37.78840000,1650505933750,True,True
12183362,2.19700000,14.50000000,31.85650000,1650505933750,True,True
12183363,2.19700000,9.00000000,19.77300000,1650506192050,True,True
12183364,2.19900000,5.70000000,12.53430000,1650506273742,False,True
12183365,2.19900000,22.80000000,50.13720000,1650506275006,False,True
12183366,2.19900000,22.60000000,49.69740000,1650506362161,True,True
12183367,2.19900000,105.00000000,230.89500000,1650506362161,True,True
12183368,2.19900000,5.00000000,10.99500000,1650506362173,True,True
12183369,2.20000000,110.00000000,242.00000000,1650506378341,False,True
12183370,2.20000000,110.00000000,242.00000000,1650506378341,False,True
12183371,2.20000000,38.60000000,84.92000000,1650506378341,False,True
12183372,2.20100000,91.00000000,200.29100000,1650506415207,False,True
12183373,2.20100000,19.00000000,41.81900000,1650506415215,False,True
12183374,2.19900000,9.00000000,19.79100000,1650506491259,True,True
12183375,2.20000000,22.60000000,49.72000000,1650506653853,True,True
12183376,2.19900000,110.00000000,241.89000000,1650506716890,True,True
12183377,2.19900000,110.00000000,241.89000000,1650506717333,True,True
12183378,2.20100000,110.00000000,242.11000000,1650506791130,False,True
12183379,2.20200000,183.60000000,404.28720000,1650506791130,False,True
12183380,2.20000000,18.10000000,39.82000000,1650506911793,True,True
12183381,2.20300000,17.20000000,37.89160000,1650506920164,False,True
12183382,2.20300000,14.50000000,31.94350000,1650506920164,False,True
12183383,2.20300000,14.50000000,31.94350000,1650506920164,False,True
12183384,2.20400000,38.60000000,85.07440000,1650506920164,False,True
12183385,2.20500000,40.50000000,89.30250000,1650506920164,False,True
12183386,2.20500000,176.90000000,390.06450000,1650506920164,False,True
12183387,2.20600000,95.70000000,211.11420000,1650506920164,False,True
12183388,2.20700000,10.10000000,22.29070000,1650506920164,False,True
12183389,2.20400000,9.00000000,19.83600000,1650507097079,True,True
12183390,2.20400000,2.50000000,5.51000000,1650507099883,True,True
12183391,2.20400000,6.50000000,14.32600000,1650507099883,True,True
12183392,2.20400000,5.00000000,11.02000000,1650507101740,True,True
12183393,2.20400000,4.00000000,8.81600000,1650507101740,True,True
12183394,2.20400000,7.00000000,15.42800000,1650507105234,True,True
12183395,2.20400000,0.50000000,1.10200000,1650507120449,True,True
12183396,2.20400000,6.50000000,14.32600000,1650507120449,True,True
12183397,2.20600000,9.10000000,20.07460000,1650507162911,False,True
12183398,2.20500000,9.00000000,19.84500000,1650507245120,True,True
12183399,2.20500000,11.70000000,25.79850000,1650507275143,True,True
12183400,2.20500000,10.20000000,22.49100000,1650507275143,True,True
12183401,2.20300000,34.70000000,76.44410000,1650507328724,True,True
12183402,2.20200000,113.50000000,249.92700000,1650507512488,True,True
12183403,2.20200000,137.50000000,302.77500000,1650507512488,True,True
12183404,2.20100000,11.60000000,25.53160000,1650507535484,True,True
12183405,2.20100000,11.60000000,25.53160000,1650507535484,True,True
12183406,2.20100000,11.60000000,25.53160000,1650507535484,True,True
12183407,2.20100000,11.60000000,25.53160000,1650507535484,True,True
12183408,2.20100000,11.60000000,25.53160000,1650507535484,True,True
12183409,2.20100000,11.60000000,25.53160000,1650507535484,True,True
12183410,2.20100000,11.60000000,25.53160000,1650507535484,True,True
12183411,2.20100000,11.60000000,25.53160000,1650507535484,True,True
12183412,2.20100000,3.90000000,8.58390000,1650507535484,True,True
12183413,2.20100000,7.70000000,16.94770000,1650507535689,True,True
12183414,2.20100000,10.70000000,23.55070000,1650507535689,True,True
12183415,2.20100000,22.60000000,49.74260000,1650507572523,True,True
12183416,2.20100000,1.40000000,3.08140000,1650507573214,False,True
12183417,2.20100000,19.20000000,42.25920000,1650507590470,False,True
12183418,2.20100000,3.70000000,8.14370000,1650507590470,False,True
12183419,2.20400000,110.00000000,242.44000000,1650507773310,False,True
12183420,2.20400000,34.70000000,76.47880000,1650507773310,False,True
12183421,2.20500000,60.50000000,133.40250000,1650507773310,False,True
12183422,2.20600000,9.50000000,20.95700000,1650507794749,False,True
12183423,2.20600000,91.40000000,201.62840000,1650507837400,False,True
12183424,2.20600000,137.50000000,303.32500000,1650507837400,False,True
12183425,2.20600000,150.00000000,330.90000000,1650507837400,False,True
12183426,2.20600000,34.70000000,76.54820000,1650507837400,False,True
12183427,2.20700000,86.00000000,189.80200000,1650507861854,False,True
12183428,2.20500000,9.00000000,19.84500000,1650507943354,True,True
12183429,2.20500000,9.00000000,19.84500000,1650507950206,True,True
12183430,2.20500000,7.00000000,15.43500000,1650507957227,True,True
12183431,2.20800000,29.90000000,66.01920000,1650507977699,False,True
12183432,2.20800000,142.20000000,313.97760000,1650507978584,False,True
12183433,2.20800000,18.50000000,40.84800000,1650507978584,False,True
12183434,2.20800000,60.70000000,134.02560000,1650508000157,False,True
12183435,2.21000000,10.00000000,22.10000000,1650508000877,False,True
12183436,2.21000000,113.10000000,249.95100000,1650508000877,False,True
12183437,2.21000000,32.60000000,72.04600000,1650508000877,False,True
12183438,2.21000000,155.70000000,344.09700000,1650508000877,False,True
12183439,2.21200000,45.40000000,100.42480000,1650508022818,False,True
12183440,2.21200000,31.10000000,68.79320000,1650508159961,False,True
12183441,2.20900000,95.20000000,210.29680000,1650508245582,True,True
12183442,2.21000000,4.60000000,10.16600000,1650508268529,False,True
12183443,2.20700000,20.70000000,45.68490000,1650508300823,True,True
12183444,2.20700000,89.30000000,197.08510000,1650508387122,True,True
12183445,2.20700000,110.00000000,242.77000000,1650508503565,True,True
12183446,2.20700000,34.70000000,76.58290000,1650508503565,True,True
12183447,2.20200000,34.70000000,76.40940000,1650508776937,True,True
12183448,2.20200000,32.60000000,71.78520000,1650508776937,True,True
12183449,2.20200000,16.70000000,36.77340000,1650508776937,True,True
12183450,2.20200000,77.10000000,169.77420000,1650508776937,True,True
12183451,2.20200000,127.60000000,280.97520000,1650508777651,True,True
12183452,2.20000000,90.90000000,199.98000000,1650509223753,True,True
12183453,2.20000000,24.60000000,54.12000000,1650509242043,True,True
12183454,2.20000000,9.00000000,19.80000000,1650509429373,True,True
12183455,2.20300000,45.40000000,100.01620000,1650510095234,False,True
12183456,2.20000000,13.00000000,28.60000000,1650510158869,True,True
12183457,2.20000000,6.70000000,14.74000000,1650510158869,True,True
12183458,2.20000000,49.50000000,108.90000000,1650510175699,True,True
12183459,2.19900000,110.00000000,241.89000000,1650510250708,False,True
12183460,2.19900000,10.70000000,23.52930000,1650510250708,False,True
12183461,2.20000000,43.60000000,95.92000000,1650510250708,False,True
12183462,2.20000000,42.50000000,93.50000000,1650510250718,True,True
12183463,2.19900000,100.00000000,219.90000000,1650510252085,True,True
12183464,2.19600000,11.60000000,25.47360000,1650510279542,True,True
12183465,2.19600000,11.60000000,25.47360000,1650510279542,True,True
12183466,2.19600000,11.60000000,25.47360000,1650510279542,True,True
12183467,2.19600000,11.60000000,25.47360000,1650510279542,True,True
12183468,2.19600000,11.60000000,25.47360000,1650510279542,True,True
12183469,2.19600000,11.60000000,25.47360000,1650510279542,True,True
12183470,2.19600000,11.60000000,25.47360000,1650510279542,True,True
12183471,2.19600000,11.60000000,25.47360000,1650510279542,True,True
12183472,2.19600000,3.40000000,7.46640000,1650510279542,True,True
12183473,2.19600000,8.20000000,18.00720000,1650510279714,True,True
12183474,2.19600000,10.90000000,23.93640000,1650510279714,True,True
12183475,2.19700000,110.00000000,241.67000000,1650510499639,False,True
12183476,2.19800000,87.30000000,191.88540000,1650510499639,False,True
12183477,2.19800000,12.70000000,27.91460000,1650510499658,False,True
12183478,2.19900000,110.00000000,241.89000000,1650510504455,False,True
12183479,2.19900000,28.10000000,61.79190000,1650510504455,False,True
12183480,2.19900000,137.00000000,301.26300000,1650510504455,False,True
12183481,2.19700000,8.00000000,17.57600000,1650510509636,True,True
12183482,2.19900000,42.10000000,92.57790000,1650510523035,True,True
12183483,2.19900000,67.90000000,149.31210000,1650510588040,True,True
12183484,2.19900000,37.00000000,81.36300000,1650510588040,True,True
12183485,2.20000000,111.70000000,245.74000000,1650510725895,False,True
12183486,2.20000000,110.00000000,242.00000000,1650510725895,False,True
12183487,2.19900000,110.00000000,241.89000000,1650510812017,True,True
12183488,2.20100000,110.00000000,242.11000000,1650510971638,False,True
12183489,2.20100000,110.00000000,242.11000000,1650510985500,True,True
12183490,2.20100000,144.00000000,316.94400000,1650510985521,False,True
12183491,2.20100000,16.80000000,36.97680000,1650510985530,False,True
12183492,2.20100000,9.00000000,19.80900000,1650510986282,True,True
12183493,2.20000000,100.00000000,220.00000000,1650511118832,True,True
12183494,2.20100000,57.80000000,127.21780000,1650511144811,False,True
12183495,2.20100000,52.20000000,114.89220000,1650511144813,False,True
12183496,2.19900000,37.80000000,83.12220000,1650511182215,False,True
12183497,2.19900000,72.20000000,158.76780000,1650511182227,False,True
12183498,2.19900000,110.00000000,241.89000000,1650511235518,False,True
12183499,2.19700000,110.00000000,241.67000000,1650511405069,True,True
12183500,2.19800000,110.00000000,241.78000000,1650511434607,False,True
12183501,2.19700000,10.20000000,22.40940000,1650511438903,True,True
12183502,2.19800000,13.60000000,29.89280000,1650511469344,False,True
12183503,2.19600000,110.00000000,241.56000000,1650511521683,False,True
12183504,2.19800000,69.60000000,152.98080000,1650511674966,True,True
12183505,2.19700000,385.50000000,846.94350000,1650511674966,True,True
12183506,2.19700000,105.20000000,231.12440000,1650511674971,True,True
12183507,2.19700000,26.20000000,57.56140000,1650511675039,True,True
12183508,2.19700000,1198.60000000,2633.32420000,1650511675070,True,True
12183509,2.19700000,21.40000000,47.01580000,1650511675086,True,True
12183510,2.19700000,26.20000000,57.56140000,1650511675185,True,True
12183511,2.19700000,72.20000000,158.62340000,1650511675193,True,True
12183512,2.19700000,1085.00000000,2383.74500000,1650511675200,True,True
12183513,2.19700000,353.10000000,775.76070000,1650511675211,True,True
12183514,2.19700000,362.60000000,796.63220000,1650511675212,True,True
12183515,2.19700000,168.50000000,370.19450000,1650511676756,True,True
12183516,2.19500000,11.60000000,25.46200000,1650511676775,True,True
12183517,2.19500000,11.60000000,25.46200000,1650511676775,True,True
12183518,2.19500000,11.60000000,25.46200000,1650511676775,True,True
12183519,2.19500000,11.60000000,25.46200000,1650511676775,True,True
12183520,2.19500000,11.60000000,25.46200000,1650511676775,True,True
12183521,2.19500000,11.60000000,25.46200000,1650511676775,True,True
12183522,2.19500000,11.60000000,25.46200000,1650511676775,True,True
12183523,2.19500000,11.60000000,25.46200000,1650511676775,True,True
12183524,2.19500000,11.60000000,25.46200000,1650511676775,True,True
12183525,2.19500000,10.80000000,23.70600000,1650511676775,True,True
12183526,2.19300000,53.30000000,116.88690000,1650511676775,True,True
12183527,2.19600000,110.00000000,241.56000000,1650511712890,False,True
12183528,2.19600000,161.40000000,354.43440000,1650511712890,False,True
12183529,2.19800000,100.00000000,219.80000000,1650511724023,False,True
12183530,2.19800000,9.00000000,19.78200000,1650511761389,False,True
12183531,2.19600000,8.00000000,17.56800000,1650511961752,True,True
12183532,2.19700000,88.20000000,193.77540000,1650512171215,False,True
12183533,2.19800000,58.80000000,129.24240000,1650512466125,False,True
12183534,2.19700000,87.60000000,192.45720000,1650512521883,True,True
12183535,2.19700000,22.40000000,49.21280000,1650512521898,True,True
12183536,2.19800000,110.00000000,241.78000000,1650512933285,False,True
12183537,2.19800000,110.00000000,241.78000000,1650512933296,False,True
12183538,2.19700000,7.00000000,15.37900000,1650513060614,True,True
12183539,2.19700000,7.00000000,15.37900000,1650513063069,True,True
12183540,2.19700000,7.00000000,15.37900000,1650513065890,True,True
12183541,2.19700000,7.00000000,15.37900000,1650513068411,True,True
12183542,2.19700000,7.00000000,15.37900000,1650513071018,True,True
12183543,2.19700000,75.00000000,164.77500000,1650513291069,True,True
12183544,2.19700000,30.20000000,66.34940000,1650513291069,True,True
12183545,2.19700000,30.90000000,67.88730000,1650513291069,True,True
12183546,2.19600000,102.00000000,223.99200000,1650513291069,True,True
12183547,2.19700000,9.00000000,19.77300000,1650513292034,True,True
12183548,2.19700000,101.00000000,221.89700000,1650513299083,True,True
12183549,2.19700000,110.00000000,241.67000000,1650513299355,True,True
12183550,2.19900000,110.00000000,241.89000000,1650513458533,False,True
12183551,2.20000000,235.30000000,517.66000000,1650513458533,False,True
12183552,2.20100000,176.90000000,389.35690000,1650513458533,False,True
12183553,2.20300000,39.30000000,86.57790000,1650513458533,False,True
12183554,2.20400000,9.00000000,19.83600000,1650513458533,False,True
12183555,2.20400000,100.00000000,220.40000000,1650513458533,False,True
12183556,2.20400000,34.60000000,76.25840000,1650513458533,False,True
12183557,2.20400000,229.00000000,504.71600000,1650513458533,False,True
12183558,2.20700000,161.20000000,355.76840000,1650513458533,False,True
12183559,2.20800000,32.60000000,71.98080000,1650513458533,False,True
12183560,2.20900000,135.80000000,299.98220000,1650513458533,False,True
12183561,2.21000000,16.80000000,37.12800000,1650513458533,False,True
12183562,2.21000000,16.80000000,37.12800000,1650513458533,False,True
12183563,2.21000000,16.80000000,37.12800000,1650513458533,False,True
12183564,2.21000000,16.80000000,37.12800000,1650513458533,False,True
12183565,2.21000000,16.80000000,37.12800000,1650513458533,False,True
12183566,2.21000000,16.80000000,37.12800000,1650513458533,False,True
12183567,2.21000000,16.80000000,37.12800000,1650513458533,False,True
12183568,2.21000000,16.80000000,37.12800000,1650513458533,False,True
12183569,2.21000000,16.80000000,37.12800000,1650513458533,False,True
12183570,2.21000000,8.00000000,17.68000000,1650513458533,False,True
12183571,2.21100000,390.60000000,863.61660000,1650513458533,False,True
12183572,2.20400000,110.00000000,242.44000000,1650513458812,True,True
12183573,2.20600000,42.10000000,92.87260000,1650513458997,True,True
12183574,2.20600000,45.40000000,100.15240000,1650513459006,True,True
12183575,2.20600000,22.50000000,49.63500000,1650513459013,True,True
12183576,2.20500000,110.00000000,242.55000000,1650513514235,True,True
12183577,2.20400000,37.50000000,82.65000000,1650513514235,True,True
12183578,2.20400000,143.40000000,316.05360000,1650513514235,True,True
12183579,2.20300000,156.70000000,345.21010000,1650513514235,True,True
12183580,2.20200000,21.90000000,48.22380000,1650513514235,True,True
12183581,2.20200000,39.30000000,86.53860000,1650513514235,True,True
12183582,2.20200000,32.60000000,71.78520000,1650513514235,True,True
12183583,2.19900000,136.40000000,299.94360000,1650513514235,True,True
12183584,2.19800000,36.60000000,80.44680000,1650513514235,True,True
12183585,2.19600000,79.60000000,174.80160000,1650513514235,True,True
12183586,2.19600000,18.00000000,39.52800000,1650513514235,True,True
12183587,2.20600000,110.00000000,242.66000000,1650513514255,True,True
12183588,2.20100000,9.00000000,19.80900000,1650513519974,True,True
12183589,2.20300000,9.00000000,19.82700000,1650513522027,False,True
12183590,2.20100000,101.00000000,222.30100000,1650513605042,True,True
12183591,2.20000000,50.50000000,111.10000000,1650513605067,True,True
12183592,2.20000000,12.00000000,26.40000000,1650513885419,True,True
12183593,2.20000000,47.50000000,104.50000000,1650514203972,True,True
12183594,2.19900000,66.90000000,147.11310000,1650514203987,True,True
12183595,2.19900000,43.10000000,94.77690000,1650514262204,True,True
12183596,2.19800000,43.30000000,95.17340000,1650514262204,True,True
12183597,2.20000000,68.10000000,149.82000000,1650514284550,False,True
12183598,2.20400000,45.30000000,99.84120000,1650514360095,False,True
12183599,2.20500000,9.00000000,19.84500000,1650514450845,True,True
12183600,2.20500000,9.00000000,19.84500000,1650514454824,True,True
12183601,2.20500000,92.00000000,202.86000000,1650514456162,True,True
12183602,2.20500000,9.00000000,19.84500000,1650514456877,True,True
12183603,2.20500000,9.00000000,19.84500000,1650514458924,True,True
12183604,2.20500000,92.00000000,202.86000000,1650514461255,True,True
12183605,2.20500000,9.00000000,19.84500000,1650514461956,True,True
12183606,2.20500000,9.00000000,19.84500000,1650514464763,True,True
12183607,2.20700000,11.40000000,25.15980000,1650514465493,False,True
12183608,2.20500000,9.00000000,19.84500000,1650514466803,True,True
12183609,2.20500000,9.00000000,19.84500000,1650514468837,True,True
12183610,2.20700000,4.60000000,10.15220000,1650514546715,False,True
12183611,2.20400000,22.60000000,49.81040000,1650514557407,True,True
12183612,2.20300000,24.60000000,54.19380000,1650514557407,True,True
12183613,2.20300000,76.60000000,168.74980000,1650514557407,True,True
12183614,2.20300000,22.60000000,49.78780000,1650514658562,True,True
12183615,2.20200000,170.60000000,375.66120000,1650514658562,True,True
12183616,2.20200000,2.00000000,4.40400000,1650514658562,True,True
12183617,2.20100000,196.60000000,432.71660000,1650514673421,True,True
12183618,2.20100000,24.60000000,54.14460000,1650514673421,True,True
12183619,2.19900000,22.60000000,49.69740000,1650514744091,True,True
12183620,2.19900000,22.60000000,49.69740000,1650514751378,True,True
12183621,2.19900000,22.60000000,49.69740000,1650514761367,True,True
12183622,2.19800000,11.60000000,25.49680000,1650514762972,True,True
12183623,2.19900000,22.60000000,49.69740000,1650514771351,True,True
12183624,2.19800000,5.50000000,12.08900000,1650514876889,False,True
12183625,2.20000000,1.70000000,3.74000000,1650514954324,False,True
12183626,2.19800000,40.90000000,89.89820000,1650515089474,False,True
12183627,2.19900000,33.70000000,74.10630000,1650515423862,False,True
12183628,2.19900000,19.90000000,43.76010000,1650515493578,False,True
12183629,2.19900000,13.60000000,29.90640000,1650515493856,False,True
12183630,2.19900000,7.30000000,16.05270000,1650515494106,False,True
12183631,2.19800000,45.50000000,100.00900000,1650515620680,True,True
12183632,2.19800000,64.50000000,141.77100000,1650515620690,True,True
12183633,2.19700000,11.60000000,25.48520000,1650515620941,True,True
12183634,2.19700000,5.60000000,12.30320000,1650515620941,True,True
12183635,2.19700000,6.00000000,13.18200000,1650515721237,True,True
12183636,2.19700000,11.60000000,25.48520000,1650515721237,True,True
12183637,2.19700000,11.60000000,25.48520000,1650515721237,True,True
12183638,2.19700000,11.60000000,25.48520000,1650515721237,True,True
12183639,2.19700000,11.60000000,25.48520000,1650515721237,True,True
12183640,2.19700000,11.60000000,25.48520000,1650515721237,True,True
12183641,2.19700000,4.90000000,10.76530000,1650515721237,True,True
12183642,2.19700000,6.70000000,14.71990000,1650515857110,True,True
12183643,2.19700000,6.70000000,14.71990000,1650515857115,True,True
12183644,2.19700000,4.90000000,10.76530000,1650515858108,True,True
12183645,2.19700000,10.90000000,23.94730000,1650515858262,True,True
12183646,2.19600000,85.60000000,187.97760000,1650515867396,True,True
12183647,2.19600000,85.60000000,187.97760000,1650515867524,True,True
12183648,2.19600000,0.10000000,0.21960000,1650515868771,True,True
12183649,2.19400000,19.30000000,42.34420000,1650516634996,False,True
12183650,2.19200000,13.70000000,30.03040000,1650516642094,True,True
12183651,2.19200000,11.60000000,25.42720000,1650516642094,True,True
12183652,2.19200000,11.60000000,25.42720000,1650516642094,True,True
12183653,2.19200000,11.60000000,25.42720000,1650516642094,True,True
12183654,2.19200000,11.60000000,25.42720000,1650516642094,True,True
12183655,2.19200000,8.50000000,18.63200000,1650516642094,True,True
12183656,2.19200000,3.10000000,6.79520000,1650516698233,True,True
12183657,2.19200000,11.60000000,25.42720000,1650516698233,True,True
12183658,2.19200000,11.60000000,25.42720000,1650516698233,True,True
12183659,2.19200000,11.60000000,25.42720000,1650516698233,True,True
12183660,2.19200000,1.10000000,2.41120000,1650516698233,True,True
12183661,2.19400000,22.20000000,48.70680000,1650516749982,False,True
12183662,2.19500000,23.40000000,51.36300000,1650516749982,False,True
12183663,2.19500000,86.60000000,190.08700000,1650517151374,False,True
12183664,2.19500000,22.20000000,48.72900000,1650517151374,False,True
12183665,2.19500000,17.20000000,37.75400000,1650517151374,False,True
12183666,2.19400000,9.00000000,19.74600000,1650517290287,True,True
12183667,2.19300000,9.00000000,19.73700000,1650517294203,True,True
12183668,2.19400000,22.60000000,49.58440000,1650517312739,True,True
12183669,2.19300000,91.30000000,200.22090000,1650517312739,True,True
12183670,2.19300000,9.00000000,19.73700000,1650517322243,True,True
12183671,2.19300000,9.00000000,19.73700000,1650517325447,True,True
12183672,2.19300000,9.00000000,19.73700000,1650517435342,True,True
12183673,2.19300000,9.00000000,19.73700000,1650517439302,True,True
12183674,2.19200000,144.50000000,316.74400000,1650517449146,True,True
12183675,2.19200000,11.50000000,25.20800000,1650517459744,False,True
12183676,2.19200000,32.60000000,71.45920000,1650517459744,False,True
12183677,2.19300000,28.90000000,63.37770000,1650517459754,False,True
12183678,2.19300000,22.60000000,49.56180000,1650517547314,True,True
12183679,2.19200000,11.60000000,25.42720000,1650517547314,True,True
12183680,2.19200000,45.80000000,100.39360000,1650517547314,True,True
12183681,2.19300000,22.60000000,49.56180000,1650517563408,True,True
12183682,2.19200000,11.60000000,25.42720000,1650517563408,True,True
12183683,2.19200000,19.90000000,43.62080000,1650517563408,True,True
12183684,2.19200000,11.60000000,25.42720000,1650517563408,True,True
12183685,2.19200000,11.60000000,25.42720000,1650517563408,True,True
12183686,2.19200000,11.60000000,25.42720000,1650517563408,True,True
12183687,2.19200000,11.60000000,25.42720000,1650517563408,True,True
12183688,2.19200000,11.60000000,25.42720000,1650517563408,True,True
12183689,2.19200000,11.60000000,25.42720000,1650517563408,True,True
12183690,2.19200000,11.60000000,25.42720000,1650517563408,True,True
12183691,2.19200000,11.20000000,24.55040000,1650517563408,True,True
12183692,2.19100000,53.40000000,116.99940000,1650517563408,True,True
12183693,2.19500000,5.90000000,12.95050000,1650517583320,False,True
12183694,2.19300000,9.00000000,19.73700000,1650517663072,True,True
12183695,2.19300000,8.00000000,17.54400000,1650517670055,True,True
12183696,2.19400000,22.60000000,49.58440000,1650517688685,True,True
12183697,2.19300000,69.30000000,151.97490000,1650517688685,True,True
12183698,2.19400000,13.80000000,30.27720000,1650517859459,True,True
12183699,2.19300000,9.00000000,19.73700000,1650517886232,True,True
12183700,2.19600000,71.90000000,157.89240000,1650517904497,False,True
12183701,2.19700000,156.70000000,344.26990000,1650517933322,False,True
12183702,2.19700000,19.90000000,43.72030000,1650517933322,False,True
12183703,2.19800000,22.60000000,49.67480000,1650518000351,True,True
12183704,2.19700000,19.90000000,43.72030000,1650518000351,True,True
12183705,2.19700000,5.30000000,11.64410000,1650518000351,True,True
12183706,2.19800000,9.00000000,19.78200000,1650518112034,True,True
12183707,2.19800000,9.00000000,19.78200000,1650518115623,True,True
12183708,2.19900000,110.00000000,241.89000000,1650518588565,False,True
12183709,2.20000000,46.80000000,102.96000000,1650518593712,False,True
12183710,2.19800000,9.00000000,19.78200000,1650518634446,True,True
12183711,2.19800000,9.00000000,19.78200000,1650518636954,True,True
12183712,2.19800000,9.00000000,19.78200000,1650518639358,True,True
12183713,2.19800000,46.80000000,102.86640000,1650518640471,True,True
12183714,2.19800000,8.00000000,17.58400000,1650518644662,True,True
12183715,2.19600000,66.70000000,146.47320000,1650519029832,False,True
12183716,2.19400000,110.00000000,241.34000000,1650519084539,True,True
12183717,2.19400000,110.00000000,241.34000000,1650519098785,True,True
12183718,2.19300000,11.60000000,25.43880000,1650519123990,True,True
12183719,2.19300000,11.60000000,25.43880000,1650519123990,True,True
12183720,2.19300000,11.60000000,25.43880000,1650519123990,True,True
12183721,2.19300000,11.60000000,25.43880000,1650519123990,True,True
12183722,2.19300000,7.70000000,16.88610000,1650519123990,True,True
12183723,2.19300000,3.90000000,8.55270000,1650519123991,True,True
12183724,2.19300000,11.60000000,25.43880000,1650519123991,True,True
12183725,2.19300000,11.60000000,25.43880000,1650519123991,True,True
12183726,2.19300000,11.60000000,25.43880000,1650519123991,True,True
12183727,2.19300000,11.60000000,25.43880000,1650519123991,True,True
12183728,2.19300000,11.30000000,24.78090000,1650519123991,True,True
12183729,2.19200000,11.60000000,25.42720000,1650519127114,True,True
12183730,2.19200000,11.60000000,25.42720000,1650519127114,True,True
12183731,2.19200000,11.60000000,25.42720000,1650519127114,True,True
12183732,2.19200000,11.60000000,25.42720000,1650519127114,True,True
12183733,2.19200000,11.60000000,25.42720000,1650519127114,True,True
12183734,2.19200000,11.60000000,25.42720000,1650519127114,True,True
12183735,2.19200000,11.60000000,25.42720000,1650519127114,True,True
12183736,2.19200000,11.60000000,25.42720000,1650519127114,True,True
12183737,2.19200000,11.60000000,25.42720000,1650519127114,True,True
12183738,2.19200000,11.10000000,24.33120000,1650519127114,True,True
12183739,2.19300000,71.20000000,156.14160000,1650519167011,True,True
12183740,2.19000000,11.60000000,25.40400000,1650519205379,True,True
12183741,2.19000000,11.60000000,25.40400000,1650519205379,True,True
12183742,2.19000000,11.60000000,25.40400000,1650519205379,True,True
12183743,2.19000000,8.80000000,19.27200000,1650519205379,True,True
12183744,2.19000000,2.80000000,6.13200000,1650519217351,True,True
12183745,2.19000000,51.50000000,112.78500000,1650519217351,True,True
12183746,2.19000000,11.60000000,25.40400000,1650519217351,True,True
12183747,2.19000000,11.60000000,25.40400000,1650519217351,True,True
12183748,2.19000000,11.60000000,25.40400000,1650519217351,True,True
12183749,2.19000000,11.60000000,25.40400000,1650519217351,True,True
12183750,2.19000000,11.60000000,25.40400000,1650519217351,True,True
12183751,2.19000000,11.20000000,24.52800000,1650519217351,True,True
12183752,2.19000000,659.10000000,1443.42900000,1650519217358,False,True
12183753,2.19000000,108.40000000,237.39600000,1650519217370,False,True
12183754,2.19200000,8.10000000,17.75520000,1650519217879,False,True
12183755,2.19100000,17.30000000,37.90430000,1650519523217,True,True
12183756,2.19100000,14.60000000,31.98860000,1650519523217,True,True
12183757,2.19100000,14.60000000,31.98860000,1650519523217,True,True
12183758,2.19000000,8.10000000,17.73900000,1650519582180,True,True
12183759,2.19000000,3.50000000,7.66500000,1650519582224,True,True
12183760,2.19000000,11.60000000,25.40400000,1650519582224,True,True
12183761,2.19000000,11.60000000,25.40400000,1650519582224,True,True
12183762,2.19000000,11.60000000,25.40400000,1650519582224,True,True
12183763,2.19000000,11.60000000,25.40400000,1650519582224,True,True
12183764,2.19000000,11.60000000,25.40400000,1650519582224,True,True
12183765,2.19000000,11.60000000,25.40400000,1650519582224,True,True
12183766,2.19000000,11.60000000,25.40400000,1650519582224,True,True
12183767,2.19000000,11.60000000,25.40400000,1650519582224,True,True
12183768,2.19000000,11.20000000,24.52800000,1650519582224,True,True
12183769,2.19100000,44.50000000,97.49950000,1650519700174,False,True
12183770,2.19100000,110.00000000,241.01000000,1650519700174,False,True
12183771,2.19100000,102.10000000,223.70110000,1650519700174,False,True
12183772,2.18900000,110.00000000,240.79000000,1650519884507,False,True
12183773,2.18900000,87.40000000,191.31860000,1650519884507,False,True
12183774,2.18900000,208.30000000,455.96870000,1650519884507,False,True
12183775,2.18900000,237.80000000,520.54420000,1650519884507,False,True
12183776,2.19000000,229.10000000,501.72900000,1650519946003,False,True
12183777,2.19200000,5.50000000,12.05600000,1650520155795,False,True
12183778,2.18800000,43.60000000,95.39680000,1650520158891,True,True
12183779,2.18800000,10.40000000,22.75520000,1650520158891,True,True
12183780,2.18800000,9.00000000,19.69200000,1650520242773,True,True
12183781,2.18800000,9.00000000,19.69200000,1650520245818,True,True
12183782,2.18800000,9.00000000,19.69200000,1650520251444,True,True
12183783,2.18900000,6.90000000,15.10410000,1650520259494,False,True
12183784,2.18900000,6.90000000,15.10410000,1650520259517,False,True
12183785,2.18900000,96.20000000,210.58180000,1650520261869,False,True
12183786,2.18700000,5.80000000,12.68460000,1650520315507,True,True
12183787,2.18700000,11.60000000,25.36920000,1650520315507,True,True
12183788,2.18700000,24.70000000,54.01890000,1650520315507,True,True
12183789,2.18700000,152.20000000,332.86140000,1650520315515,True,True
12183790,2.18700000,11.60000000,25.36920000,1650520315515,True,True
12183791,2.18700000,11.60000000,25.36920000,1650520315515,True,True
12183792,2.18700000,11.60000000,25.36920000,1650520315515,True,True
12183793,2.18700000,11.60000000,25.36920000,1650520315515,True,True
12183794,2.18700000,11.60000000,25.36920000,1650520315515,True,True
12183795,2.18700000,11.60000000,25.36920000,1650520315515,True,True
12183796,2.18700000,11.60000000,25.36920000,1650520315515,True,True
12183797,2.18700000,11.60000000,25.36920000,1650520315515,True,True
12183798,2.18700000,11.20000000,24.49440000,1650520315515,True,True
12183799,2.18700000,16.20000000,35.42940000,1650520315634,False,True
12183800,2.18600000,22.60000000,49.40360000,1650520331339,False,True
12183801,2.18500000,32.60000000,71.23100000,1650520340331,True,True
12183802,2.18500000,2.30000000,5.02550000,1650520340331,True,True
12183803,2.18600000,8.30000000,18.14380000,1650520340699,False,True
12183804,2.18500000,31.60000000,69.04600000,1650520347846,False,True
12183805,2.18500000,78.40000000,171.30400000,1650520347846,False,True
12183806,2.18600000,22.60000000,49.40360000,1650520348259,False,True
12183807,2.18600000,94.10000000,205.70260000,1650520348259,False,True
12183808,2.18500000,9.00000000,19.66500000,1650520389580,True,True
12183809,2.18500000,9.00000000,19.66500000,1650520391730,True,True
12183810,2.18600000,71.70000000,156.73620000,1650520401337,False,True
12183811,2.18600000,22.60000000,49.40360000,1650520401337,False,True
12183812,2.18600000,22.60000000,49.40360000,1650520411347,False,True
12183813,2.18600000,22.60000000,49.40360000,1650520421396,False,True
12183814,2.18600000,22.60000000,49.40360000,1650520451062,False,True
12183815,2.18600000,22.60000000,49.40360000,1650520451406,False,True
12183816,2.18600000,22.60000000,49.40360000,1650520461986,False,True
12183817,2.18600000,22.60000000,49.40360000,1650520478148,False,True
12183818,2.18700000,141.50000000,309.46050000,1650520478665,False,True
12183819,2.18700000,4.70000000,10.27890000,1650520514156,False,True
12183820,2.18700000,2.80000000,6.12360000,1650520514347,False,True
12183821,2.18600000,22.60000000,49.40360000,1650520626702,False,True
12183822,2.18600000,13.60000000,29.72960000,1650520626702,False,True
12183823,2.18700000,12.70000000,27.77490000,1650520628620,False,True
12183824,2.18600000,70.10000000,153.23860000,1650520715272,False,True
12183825,2.18400000,11.60000000,25.33440000,1650520874040,True,True
12183826,2.18400000,175.10000000,382.41840000,1650520874040,True,True
12183827,2.18400000,1.80000000,3.93120000,1650520874049,True,True
12183828,2.18400000,11.60000000,25.33440000,1650520874049,True,True
12183829,2.18400000,11.60000000,25.33440000,1650520874049,True,True
12183830,2.18400000,11.60000000,25.33440000,1650520874049,True,True
12183831,2.18400000,11.60000000,25.33440000,1650520874049,True,True
12183832,2.18400000,11.60000000,25.33440000,1650520874049,True,True
12183833,2.18400000,11.60000000,25.33440000,1650520874049,True,True
12183834,2.18400000,11.60000000,25.33440000,1650520874049,True,True
12183835,2.18400000,11.60000000,25.33440000,1650520874049,True,True
12183836,2.18400000,10.80000000,23.58720000,1650520874049,True,True
12183837,2.18400000,40.70000000,88.88880000,1650520878016,True,True
12183838,2.18400000,45.40000000,99.15360000,1650520878022,True,True
12183839,2.18300000,81.50000000,177.91450000,1650520913947,True,True
12183840,2.18400000,6.80000000,14.85120000,1650520918650,False,True
12183841,2.18400000,54.20000000,118.37280000,1650520918650,False,True
12183842,2.18400000,14.40000000,31.44960000,1650520918657,False,True
12183843,2.18400000,91.00000000,198.74400000,1650520918657,False,True
12183844,2.18400000,22.60000000,49.35840000,1650520918669,False,True
12183845,2.18400000,139.70000000,305.10480000,1650520918669,False,True
12183846,2.18400000,258.90000000,565.43760000,1650520918669,False,True
12183847,2.18400000,91.50000000,199.83600000,1650520918669,False,True
12183848,2.18400000,72.90000000,159.21360000,1650520918669,False,True
12183849,2.18400000,25.30000000,55.25520000,1650520918669,False,True
12183850,2.18500000,110.00000000,240.35000000,1650520918863,True,True
12183851,2.18500000,132.70000000,289.94950000,1650520918863,True,True
12183852,2.18500000,22.60000000,49.38100000,1650520937331,False,True
12183853,2.18500000,22.60000000,49.38100000,1650520941380,False,True
12183854,2.18500000,22.60000000,49.38100000,1650520951500,False,True
12183855,2.18600000,110.00000000,240.46000000,1650520963989,False,True
12183856,2.18600000,22.60000000,49.40360000,1650520963989,False,True
12183857,2.18700000,110.00000000,240.57000000,1650521010591,True,True
12183858,2.18500000,90.30000000,197.30550000,1650521770095,True,True
12183859,2.18500000,9.00000000,19.66500000,1650521784321,True,True
12183860,2.18500000,10.70000000,23.37950000,1650521829935,True,True
12183861,2.18500000,34.20000000,74.72700000,1650521841248,False,True
12183862,2.18500000,9.00000000,19.66500000,1650521843970,True,True
12183863,2.18600000,9.00000000,19.67400000,1650521846018,True,True
12183864,2.18600000,9.00000000,19.67400000,1650521848050,True,True
12183865,2.18600000,9.00000000,19.67400000,1650521850097,True,True
12183866,2.18600000,9.00000000,19.67400000,1650521852113,True,True
12183867,2.18600000,74.00000000,161.76400000,1650521852309,True,True
12183868,2.18600000,8.50000000,18.58100000,1650521854153,True,True
12183869,2.18600000,0.50000000,1.09300000,1650521854432,False,True
12183870,2.18500000,350.00000000,764.75000000,1650521901010,True,True
12183871,2.18500000,110.00000000,240.35000000,1650521901010,True,True
12183872,2.18500000,110.00000000,240.35000000,1650522016694,False,True
12183873,2.18600000,110.00000000,240.46000000,1650522019269,False,True
12183874,2.18700000,33.80000000,73.92060000,1650522103211,False,True
12183875,2.18700000,76.20000000,166.64940000,1650522103651,False,True
12183876,2.18600000,9.00000000,19.67400000,1650522108175,True,True
12183877,2.18800000,9.00000000,19.69200000,1650522150761,True,True
12183878,2.18800000,9.00000000,19.69200000,1650522152802,True,True
12183879,2.18800000,9.00000000,19.69200000,1650522154854,True,True
12183880,2.18800000,53.10000000,116.18280000,1650522155238,True,True
12183881,2.18700000,80.00000000,174.96000000,1650522155238,True,True
12183882,2.18700000,110.00000000,240.57000000,1650522155238,True,True
12183883,2.18700000,24.20000000,52.92540000,1650522170930,False,True
12183884,2.18700000,50.90000000,111.31830000,1650522180117,True,True
12183885,2.18600000,228.30000000,499.06380000,1650522180117,True,True
12183886,2.18600000,59.10000000,129.19260000,1650522180117,True,True
12183887,2.18700000,22.60000000,49.42620000,1650522245230,True,True
12183888,2.18600000,50.90000000,111.26740000,1650522245230,True,True
12183889,2.18600000,327.40000000,715.69640000,1650522245230,True,True
12183890,2.18600000,22.60000000,49.40360000,1650522251337,True,True
12183891,2.18500000,110.00000000,240.35000000,1650522260806,True,True
12183892,2.18500000,92.70000000,202.54950000,1650522260806,True,True
12183893,2.18600000,22.60000000,49.40360000,1650522262869,True,True
12183894,2.18400000,110.00000000,240.24000000,1650522262906,True,True
12183895,2.18400000,22.60000000,49.35840000,1650522271392,True,True
12183896,2.18300000,11.60000000,25.32280000,1650522276542,True,True
12183897,2.18300000,176.90000000,386.17270000,1650522276542,True,True
12183898,2.18300000,241.50000000,527.19450000,1650522276542,True,True
12183899,2.18300000,110.00000000,240.13000000,1650522276542,True,True
12183900,2.18400000,9.00000000,19.65600000,1650522282309,True,True
12183901,2.18400000,9.00000000,19.65600000,1650522284348,True,True
12183902,2.18500000,45.70000000,99.85450000,1650522284737,False,True
12183903,2.18400000,4.60000000,10.04640000,1650522286378,True,True
12183904,2.18300000,11.60000000,25.32280000,1650522299718,True,True
12183905,2.18300000,22.60000000,49.33580000,1650522299718,True,True
12183906,2.18300000,11.60000000,25.32280000,1650522299718,True,True
12183907,2.18300000,11.60000000,25.32280000,1650522299718,True,True
12183908,2.18300000,11.60000000,25.32280000,1650522299718,True,True
12183909,2.18300000,11.60000000,25.32280000,1650522299718,True,True
12183910,2.18300000,11.60000000,25.32280000,1650522299718,True,True
12183911,2.18300000,11.60000000,25.32280000,1650522299718,True,True
12183912,2.18300000,11.60000000,25.32280000,1650522299718,True,True
12183913,2.18300000,10.60000000,23.13980000,1650522299718,True,True
12183914,2.18200000,22.60000000,49.31320000,1650522301477,True,True
12183915,2.18100000,22.60000000,49.29060000,1650522414702,True,True
12183916,2.18100000,115.00000000,250.81500000,1650522414702,True,True
12183917,2.18100000,22.60000000,49.29060000,1650522441021,True,True
12183918,2.18100000,219.00000000,477.63900000,1650522441021,True,True
12183919,2.18100000,22.60000000,49.29060000,1650522594006,True,True
12183920,2.18200000,39.40000000,85.97080000,1650522610380,False,True
12183921,2.18200000,22.60000000,49.31320000,1650522648037,True,True
12183922,2.18200000,80.20000000,174.99640000,1650522648037,True,True
12183923,2.18200000,68.70000000,149.90340000,1650522648037,True,True
12183924,2.18100000,9.00000000,19.62900000,1650522649749,True,True
12183925,2.18200000,22.60000000,49.31320000,1650522651325,True,True
12183926,2.18100000,9.00000000,19.62900000,1650522652728,True,True
12183927,2.18200000,22.60000000,49.31320000,1650522666176,True,True
12183928,2.18200000,73.00000000,159.28600000,1650522666413,False,True
12183929,2.18200000,22.60000000,49.31320000,1650522666420,False,True
12183930,2.18200000,22.60000000,49.31320000,1650522671379,True,True
12183931,2.18200000,22.60000000,49.31320000,1650522681366,True,True
12183932,2.18200000,97.90000000,213.61780000,1650522683109,False,True
12183933,2.18200000,22.60000000,49.31320000,1650522691353,True,True
12183934,2.18200000,22.60000000,49.31320000,1650522703000,True,True
12183935,2.18200000,148.60000000,324.24520000,1650522742490,False,True
12183936,2.18200000,10.00000000,21.82000000,1650522742508,False,True
12183937,2.18100000,9.00000000,19.62900000,1650522772108,True,True
12183938,2.18100000,9.00000000,19.62900000,1650522775014,True,True
12183939,2.18100000,9.00000000,19.62900000,1650522780116,True,True
12183940,2.18100000,3.10000000,6.76110000,1650523045964,True,True
12183941,2.18100000,5.90000000,12.86790000,1650523045964,True,True
12183942,2.18100000,9.00000000,19.62900000,1650523047866,True,True
12183943,2.18100000,10.10000000,22.02810000,1650523164428,True,True
12183944,2.18300000,69.00000000,150.62700000,1650523244190,False,True
12183945,2.18300000,32.30000000,70.51090000,1650523244283,False,True
12183946,2.18400000,4.40000000,9.60960000,1650523244729,False,True
12183947,2.18400000,176.90000000,386.34960000,1650523244729,False,True
12183948,2.18500000,88.70000000,193.80950000,1650523244729,False,True
12183949,2.18400000,7.40000000,16.16160000,1650523352822,True,True
12183950,2.18600000,50.00000000,109.30000000,1650523626744,False,True
12183951,2.18300000,110.00000000,240.13000000,1650523745082,True,True
12183952,2.18200000,88.70000000,193.54340000,1650523745082,True,True
12183953,2.18100000,48.40000000,105.56040000,1650523745082,True,True
12183954,2.18200000,10.30000000,22.47460000,1650523934329,True,True
12183955,2.18100000,12.50000000,27.26250000,1650523934329,True,True
12183956,2.18200000,22.60000000,49.31320000,1650524400672,True,True
12183957,2.18400000,4.60000000,10.04640000,1650524839181,False,True
12183958,2.18100000,8.90000000,19.41090000,1650524855082,True,True
12183959,2.18200000,22.60000000,49.31320000,1650525121646,True,True
12183960,2.18100000,2.70000000,5.88870000,1650525121968,True,True
12183961,2.18100000,11.60000000,25.29960000,1650525121968,True,True
12183962,2.18100000,11.60000000,25.29960000,1650525121968,True,True
12183963,2.18100000,11.60000000,25.29960000,1650525121968,True,True
12183964,2.18100000,11.60000000,25.29960000,1650525121968,True,True
12183965,2.18100000,11.60000000,25.29960000,1650525121968,True,True
12183966,2.18100000,11.60000000,25.29960000,1650525121968,True,True
12183967,2.18100000,11.60000000,25.29960000,1650525121968,True,True
12183968,2.18100000,11.60000000,25.29960000,1650525121968,True,True
12183969,2.18100000,11.30000000,24.64530000,1650525121968,True,True
12183970,2.18200000,75.00000000,163.65000000,1650525123099,False,True
12183971,2.18100000,110.00000000,239.91000000,1650525123336,True,True
12183972,2.18100000,11.60000000,25.29960000,1650525123648,True,True
12183973,2.18100000,11.60000000,25.29960000,1650525123648,True,True
12183974,2.18100000,11.60000000,25.29960000,1650525123648,True,True
12183975,2.18100000,11.60000000,25.29960000,1650525123648,True,True
12183976,2.18100000,11.60000000,25.29960000,1650525123648,True,True
12183977,2.18100000,11.60000000,25.29960000,1650525123648,True,True
12183978,2.18100000,11.60000000,25.29960000,1650525123648,True,True
12183979,2.18100000,11.60000000,25.29960000,1650525123648,True,True
12183980,2.18100000,11.60000000,25.29960000,1650525123648,True,True
12183981,2.18100000,11.10000000,24.20910000,1650525123648,True,True
12183982,2.18000000,304.20000000,663.15600000,1650525123974,True,True
12183983,2.18000000,45.80000000,99.84400000,1650525124377,True,True
12183984,2.17900000,4.60000000,10.02340000,1650525127047,True,True
12183985,2.17900000,5.80000000,12.63820000,1650525127047,True,True
12183986,2.17900000,9.20000000,20.04680000,1650525127047,True,True
12183987,2.17900000,22.60000000,49.24540000,1650525269967,True,True
12183988,2.17800000,11.60000000,25.26480000,1650525269967,True,True
12183989,2.17800000,350.00000000,762.30000000,1650525269967,True,True
12183990,2.17800000,31.90000000,69.47820000,1650525269967,True,True
12183991,2.17800000,11.60000000,25.26480000,1650525269967,True,True
12183992,2.17800000,11.60000000,25.26480000,1650525269967,True,True
12183993,2.17800000,11.60000000,25.26480000,1650525269967,True,True
12183994,2.17800000,11.60000000,25.26480000,1650525269967,True,True
12183995,2.17800000,11.60000000,25.26480000,1650525269967,True,True
12183996,2.17800000,11.60000000,25.26480000,1650525269967,True,True
12183997,2.17800000,11.60000000,25.26480000,1650525269967,True,True
12183998,2.17800000,11.60000000,25.26480000,1650525269967,True,True
12183999,2.17800000,11.30000000,24.61140000,1650525269967,True,True
12184000,2.17700000,9.20000000,20.02840000,1650525269967,True,True
12184001,2.17700000,245.70000000,534.88890000,1650525269967,True,True
12184002,2.18000000,15.90000000,34.66200000,1650525274320,False,True
12184003,2.17900000,9.00000000,19.61100000,1650525347861,True,True
12184004,2.17900000,9.00000000,19.61100000,1650525350635,True,True
12184005,2.18200000,78.90000000,172.15980000,1650525352141,False,True
12184006,2.18200000,31.10000000,67.86020000,1650525352275,False,True
12184007,2.18200000,11.30000000,24.65660000,1650525352275,False,True
12184008,2.18200000,46.70000000,101.89940000,1650525352306,False,True
12184009,2.18200000,22.20000000,48.44040000,1650525352415,False,True
12184010,2.18200000,31.90000000,69.60580000,1650525352415,False,True
12184011,2.18300000,61.10000000,133.38130000,1650525352415,False,True
12184012,2.18300000,19.80000000,43.22340000,1650525352503,False,True
12184013,2.18300000,52.10000000,113.73430000,1650525352506,False,True
12184014,2.18300000,23.70000000,51.73710000,1650525352578,False,True
12184015,2.18400000,17.10000000,37.34640000,1650525352578,False,True
12184016,2.18200000,110.00000000,240.02000000,1650525352583,True,True
12184017,2.18400000,43.60000000,95.22240000,1650525352590,False,True
12184018,2.18400000,33.20000000,72.50880000,1650525352698,False,True
12184019,2.18300000,170.20000000,371.54660000,1650525352713,True,True
12184020,2.18400000,49.70000000,108.54480000,1650525353089,False,True
12184021,2.18100000,8.00000000,17.44800000,1650525360017,True,True
12184022,2.18200000,22.60000000,49.31320000,1650525392163,True,True
12184023,2.18100000,110.00000000,239.91000000,1650525536114,False,True
12184024,2.18200000,110.00000000,240.02000000,1650525536122,False,True
12184025,2.18300000,176.90000000,386.17270000,1650525540545,False,True
12184026,2.18300000,58.70000000,128.14210000,1650525540545,False,True
12184027,2.18300000,46.70000000,101.94610000,1650525540551,False,True
12184028,2.18300000,4.60000000,10.04180000,1650525540555,False,True
12184029,2.18100000,110.00000000,239.91000000,1650525555703,False,True
12184030,2.18100000,9.30000000,20.28330000,1650525555715,False,True
12184031,2.18100000,100.70000000,219.62670000,1650525556288,False,True
12184032,2.18200000,110.00000000,240.02000000,1650525610604,True,True
12184033,2.18200000,110.00000000,240.02000000,1650525618685,True,True
12184034,2.18200000,22.60000000,49.31320000,1650525618685,True,True
12184035,2.18200000,110.00000000,240.02000000,1650525618756,True,True
12184036,2.18200000,110.00000000,240.02000000,1650525619107,True,True
12184037,2.18200000,22.60000000,49.31320000,1650525621353,True,True
12184038,2.18200000,22.60000000,49.31320000,1650525643293,True,True
12184039,2.18100000,30.70000000,66.95670000,1650525643293,True,True
12184040,2.18100000,110.00000000,239.91000000,1650525643293,True,True
12184041,2.18300000,110.00000000,240.13000000,1650525649975,False,True
12184042,2.18400000,31.90000000,69.66960000,1650525649975,False,True
12184043,2.18500000,400.00000000,874.00000000,1650525649975,False,True
12184044,2.18500000,40.70000000,88.92950000,1650525649975,False,True
12184045,2.18500000,176.90000000,386.52650000,1650525649975,False,True
12184046,2.18600000,156.70000000,342.54620000,1650525649975,False,True
12184047,2.18700000,38.90000000,85.07430000,1650525649975,False,True
12184048,2.18800000,323.50000000,707.81800000,1650525649975,False,True
12184049,2.18200000,110.00000000,240.02000000,1650525651503,True,True
12184050,2.18100000,16.90000000,36.85890000,1650525651503,True,True
12184051,2.18100000,40.30000000,87.89430000,1650525651503,True,True
12184052,2.18100000,2.60000000,5.67060000,1650525651503,True,True
12184053,2.18500000,5.40000000,11.79900000,1650525652444,False,True
12184054,2.18200000,110.00000000,240.02000000,1650525660189,True,True
12184055,2.18600000,14.60000000,31.91560000,1650525677057,False,True
12184056,2.18600000,14.60000000,31.91560000,1650525677057,False,True
12184057,2.18300000,320.00000000,698.56000000,1650525682120,True,True
12184058,2.18300000,80.10000000,174.85830000,1650525682120,True,True
12184059,2.18200000,31.90000000,69.60580000,1650525682120,True,True
12184060,2.18200000,156.70000000,341.91940000,1650525682120,True,True
12184061,2.18100000,11.60000000,25.29960000,1650525690604,True,True
12184062,2.18100000,31.30000000,68.26530000,1650525690604,True,True
12184063,2.18100000,31.90000000,69.57390000,1650525690604,True,True
12184064,2.18100000,11.20000000,24.42720000,1650525690604,True,True
12184065,2.18100000,0.40000000,0.87240000,1650525698448,True,True
12184066,2.18100000,31.90000000,69.57390000,1650525698448,True,True
12184067,2.18100000,43.60000000,95.09160000,1650525698448,True,True
12184068,2.18400000,22.60000000,49.35840000,1650525738309,True,True
12184069,2.18500000,18.10000000,39.54850000,1650525762743,False,True
12184070,2.18600000,15.30000000,33.44580000,1650525869817,False,True
12184071,2.18500000,7.00000000,15.29500000,1650525941309,True,True
12184072,2.18500000,15.60000000,34.08600000,1650525941771,True,True
12184073,2.18300000,9.00000000,19.64700000,1650526027213,True,True
12184074,2.18300000,35.40000000,77.27820000,1650526110095,True,True
12184075,2.18200000,16.90000000,36.87580000,1650526169376,True,True
12184076,2.18200000,35.10000000,76.58820000,1650526169376,True,True
12184077,2.18200000,16.90000000,36.87580000,1650526169376,True,True
12184078,2.18200000,16.90000000,36.87580000,1650526169376,True,True
12184079,2.18200000,16.90000000,36.87580000,1650526169376,True,True
12184080,2.18200000,16.90000000,36.87580000,1650526169376,True,True
12184081,2.18200000,16.90000000,36.87580000,1650526169376,True,True
12184082,2.18200000,16.90000000,36.87580000,1650526169376,True,True
12184083,2.18200000,16.90000000,36.87580000,1650526169376,True,True
12184084,2.18200000,16.90000000,36.87580000,1650526169376,True,True
12184085,2.18200000,8.00000000,17.45600000,1650526169376,True,True
12184086,2.18100000,400.00000000,872.40000000,1650526169376,True,True
12184087,2.18100000,11.60000000,25.29960000,1650526169376,True,True
12184088,2.18100000,43.20000000,94.21920000,1650526169376,True,True
12184089,2.18100000,9.00000000,19.62900000,1650526205624,True,True
12184090,2.18100000,9.00000000,19.62900000,1650526208884,True,True
12184091,2.18100000,60.90000000,132.82290000,1650526309680,True,True
12184092,2.18200000,16.90000000,36.87580000,1650526759868,True,True
12184093,2.18200000,35.10000000,76.58820000,1650526759868,True,True
12184094,2.18200000,33.30000000,72.66060000,1650526759868,True,True
12184095,2.18200000,33.70000000,73.53340000,1650526759868,True,True
12184096,2.18600000,35.10000000,76.72860000,1650526828976,False,True
12184097,2.18600000,110.00000000,240.46000000,1650526828976,False,True
12184098,2.18600000,35.10000000,76.72860000,1650526852198,False,True
12184099,2.18700000,138.50000000,302.89950000,1650526852198,False,True
12184100,2.18700000,13.80000000,30.18060000,1650527005099,False,True
12184101,2.18600000,110.00000000,240.46000000,1650527237172,False,True
12184102,2.18500000,90.60000000,197.96100000,1650527406399,True,True
12184103,2.18500000,19.40000000,42.38900000,1650527407411,True,True
12184104,2.18700000,16.90000000,36.96030000,1650527451039,False,True
12184105,2.18700000,18.30000000,40.02210000,1650527451039,False,True
12184106,2.18700000,16.80000000,36.74160000,1650527451288,False,True
12184107,2.18700000,16.90000000,36.96030000,1650527451288,False,True
12184108,2.18700000,16.90000000,36.96030000,1650527451288,False,True
12184109,2.18700000,16.90000000,36.96030000,1650527451288,False,True
12184110,2.18700000,16.90000000,36.96030000,1650527451288,False,True
12184111,2.18700000,16.90000000,36.96030000,1650527451288,False,True
12184112,2.18700000,16.90000000,36.96030000,1650527451288,False,True
12184113,2.18700000,16.90000000,36.96030000,1650527451288,False,True
12184114,2.18700000,16.90000000,36.96030000,1650527451288,False,True
12184115,2.18700000,0.30000000,0.65610000,1650527451288,False,True
12184116,2.18700000,7.90000000,17.27730000,1650527451298,False,True
12184117,2.18700000,17.30000000,37.83510000,1650527451782,False,True
12184118,2.18800000,64.90000000,142.00120000,1650527462077,False,True
12184119,2.18900000,26.90000000,58.88410000,1650527462077,False,True
12184120,2.18600000,17.40000000,38.03640000,1650527474912,True,True
12184121,2.18600000,14.60000000,31.91560000,1650527474912,True,True
12184122,2.18600000,14.60000000,31.91560000,1650527474912,True,True
12184123,2.18500000,110.00000000,240.35000000,1650527474912,True,True
12184124,2.18500000,13.20000000,28.84200000,1650527474912,True,True
12184125,2.18900000,45.60000000,99.81840000,1650527486877,False,True
12184126,2.18500000,21.90000000,47.85150000,1650527538810,True,True
12184127,2.18500000,147.90000000,323.16150000,1650527538810,True,True
12184128,2.18500000,76.80000000,167.80800000,1650527563408,True,True
12184129,2.18800000,110.00000000,240.68000000,1650527650782,False,True
12184130,2.18800000,38.70000000,84.67560000,1650527650782,False,True
12184131,2.19100000,131.40000000,287.89740000,1650527837471,False,True
12184132,2.19200000,32.60000000,71.45920000,1650527837986,False,True
12184133,2.19300000,17.40000000,38.15820000,1650527838507,False,True
12184134,2.19300000,14.60000000,32.01780000,1650527838507,False,True
12184135,2.19400000,176.90000000,388.11860000,1650527846315,False,True
12184136,2.19500000,110.00000000,241.45000000,1650527857291,False,True
12184137,2.19600000,9.00000000,19.76400000,1650527857316,False,True
12184138,2.19600000,9.00000000,19.76400000,1650527857316,False,True
12184139,2.19700000,4.60000000,10.10620000,1650527875505,False,True
12184140,2.19400000,15.70000000,34.44580000,1650528086596,True,True
12184141,2.19700000,68.00000000,149.39600000,1650528128773,False,True
12184142,2.19700000,37.40000000,82.16780000,1650528128787,False,True
12184143,2.19500000,110.00000000,241.45000000,1650528403182,False,True
12184144,2.19500000,68.30000000,149.91850000,1650528403182,False,True
12184145,2.19700000,110.00000000,241.67000000,1650528468732,False,True
12184146,2.19700000,38.70000000,85.02390000,1650528468732,False,True
12184147,2.19700000,15.20000000,33.39440000,1650528535329,False,True
12184148,2.19700000,94.80000000,208.27560000,1650528562460,False,True
12184149,2.19700000,64.90000000,142.58530000,1650528562460,False,True
12184150,2.19700000,110.00000000,241.67000000,1650528572080,False,True
12184151,2.19800000,400.00000000,879.20000000,1650528572080,False,True
12184152,2.19800000,43.30000000,95.17340000,1650528572080,False,True
12184153,2.19800000,38.70000000,85.06260000,1650528572080,False,True
12184154,2.19800000,110.00000000,241.78000000,1650528576404,False,True
12184155,2.19800000,110.00000000,241.78000000,1650528630745,False,True
12184156,2.19800000,110.00000000,241.78000000,1650528655440,False,True
12184157,2.19800000,110.00000000,241.78000000,1650528660617,False,True
12184158,2.19800000,109.90000000,241.56020000,1650528665318,False,True
12184159,2.19600000,110.00000000,241.56000000,1650528973432,True,True
12184160,2.19600000,17.90000000,39.30840000,1650528973432,True,True
12184161,2.19600000,14.60000000,32.06160000,1650528973432,True,True
12184162,2.19500000,17.90000000,39.29050000,1650528973454,True,True
12184163,2.19500000,14.60000000,32.04700000,1650528973454,True,True
12184164,2.19300000,18.10000000,39.69330000,1650529042441,True,True
12184165,2.19000000,9.00000000,19.71000000,1650529354090,True,True
12184166,2.19300000,21.70000000,47.58810000,1650529456718,False,True
12184167,2.19300000,27.00000000,59.21100000,1650529456729,False,True
12184168,2.19200000,88.20000000,193.33440000,1650529595504,False,True
12184169,2.19400000,110.00000000,241.34000000,1650529720317,False,True
12184170,2.19400000,110.00000000,241.34000000,1650529792863,False,True
12184171,2.19500000,79.70000000,174.94150000,1650529967034,False,True
12184172,2.19500000,110.00000000,241.45000000,1650529967034,False,True
12184173,2.19300000,110.00000000,241.23000000,1650530297183,True,True
12184174,2.19200000,38.70000000,84.83040000,1650530297183,True,True
12184175,2.19200000,156.70000000,343.48640000,1650530297183,True,True
12184176,2.19100000,110.00000000,241.01000000,1650530297183,True,True
12184177,2.19100000,38.30000000,83.91530000,1650530297183,True,True
12184178,2.19100000,79.80000000,174.84180000,1650530297183,True,True
12184179,2.19000000,11.60000000,25.40400000,1650530297183,True,True
12184180,2.19000000,36.30000000,79.49700000,1650530297183,True,True
12184181,2.19000000,11.60000000,25.40400000,1650530297183,True,True
12184182,2.19000000,11.60000000,25.40400000,1650530297183,True,True
12184183,2.19000000,11.60000000,25.40400000,1650530297183,True,True
12184184,2.19000000,11.60000000,25.40400000,1650530297183,True,True
12184185,2.19000000,11.60000000,25.40400000,1650530297183,True,True
12184186,2.19000000,11.60000000,25.40400000,1650530297183,True,True
12184187,2.19000000,11.60000000,25.40400000,1650530297183,True,True
12184188,2.19000000,11.60000000,25.40400000,1650530297183,True,True
12184189,2.19000000,11.40000000,24.96600000,1650530297183,True,True
12184190,2.18900000,400.00000000,875.60000000,1650530297183,True,True
12184191,2.18900000,36.00000000,78.80400000,1650530297183,True,True
12184192,2.18900000,16.80000000,36.77520000,1650530297183,True,True
12184193,2.18900000,176.90000000,387.23410000,1650530297183,True,True
12184194,2.18900000,16.80000000,36.77520000,1650530297183,True,True
12184195,2.18900000,16.80000000,36.77520000,1650530297183,True,True
12184196,2.18900000,16.80000000,36.77520000,1650530297183,True,True
12184197,2.18900000,16.80000000,36.77520000,1650530297183,True,True
12184198,2.18900000,16.80000000,36.77520000,1650530297183,True,True
12184199,2.18900000,16.80000000,36.77520000,1650530297183,True,True
12184200,2.18900000,16.80000000,36.77520000,1650530297183,True,True
12184201,2.18900000,16.80000000,36.77520000,1650530297183,True,True
12184202,2.18900000,8.20000000,17.94980000,1650530297183,True,True
12184203,2.18900000,156.70000000,343.01630000,1650530297191,False,True
12184204,2.18900000,160.60000000,351.55340000,1650530297192,False,True
12184205,2.18900000,29.20000000,63.91880000,1650530297193,False,True
12184206,2.18900000,356.10000000,779.50290000,1650530297193,False,True
12184207,2.18900000,339.50000000,743.16550000,1650530297204,False,True
12184208,2.19300000,18.30000000,40.13190000,1650530297277,False,True
12184209,2.19300000,91.70000000,201.09810000,1650530298620,False,True
12184210,2.19400000,88.10000000,193.29140000,1650530298620,False,True
12184211,2.19000000,91.80000000,201.04200000,1650530419609,True,True
12184212,2.19000000,18.20000000,39.85800000,1650530549786,True,True
12184213,2.19000000,11.70000000,25.62300000,1650530549786,True,True
12184214,2.19000000,11.70000000,25.62300000,1650530549786,True,True
12184215,2.19000000,11.70000000,25.62300000,1650530549786,True,True
12184216,2.19000000,11.70000000,25.62300000,1650530549786,True,True
12184217,2.19000000,11.70000000,25.62300000,1650530549786,True,True
12184218,2.19000000,11.70000000,25.62300000,1650530549786,True,True
12184219,2.19000000,11.70000000,25.62300000,1650530549786,True,True
12184220,2.19000000,11.70000000,25.62300000,1650530549786,True,True
12184221,2.19000000,11.70000000,25.62300000,1650530549786,True,True
12184222,2.19000000,10.70000000,23.43300000,1650530549786,True,True
12184223,2.18900000,385.30000000,843.42170000,1650530549786,True,True
12184224,2.18800000,35.20000000,77.01760000,1650530549786,True,True
12184225,2.18800000,70.90000000,155.12920000,1650530549786,True,True
12184226,2.19000000,7.00000000,15.33000000,1650530549914,False,True
12184227,2.19000000,93.00000000,203.67000000,1650530574606,False,True
12184228,2.19000000,70.40000000,154.17600000,1650530574606,False,True
12184229,2.19200000,110.00000000,241.12000000,1650530582115,False,True
12184230,2.19200000,20.70000000,45.37440000,1650530582115,False,True
12184231,2.19200000,49.20000000,107.84640000,1650530876391,False,True
12184232,2.19400000,110.00000000,241.34000000,1650531079480,True,True
12184233,2.19300000,195.80000000,429.38940000,1650531079582,True,True
12184234,2.19200000,110.00000000,241.12000000,1650531079774,True,True
12184235,2.19200000,6.10000000,13.37120000,1650531079774,True,True
12184236,2.19300000,110.00000000,241.23000000,1650531147076,True,True
12184237,2.19200000,5.50000000,12.05600000,1650531148429,True,True
12184238,2.19400000,110.00000000,241.34000000,1650531214295,False,True
12184239,2.19600000,22.30000000,48.97080000,1650531214295,False,True
12184240,2.19400000,8.90000000,19.52660000,1650531238262,True,True
12184241,2.19300000,22.60000000,49.56180000,1650531238282,True,True
12184242,2.19500000,18.30000000,40.16850000,1650531698177,True,True
12184243,2.19600000,12.30000000,27.01080000,1650531746974,False,True
12184244,2.19200000,5.60000000,12.27520000,1650531770725,True,True
12184245,2.19200000,7.30000000,16.00160000,1650531791617,True,True
12184246,2.19100000,110.00000000,241.01000000,1650532445095,True,True
12184247,2.19100000,10.00000000,21.91000000,1650532445095,True,True
12184248,2.19100000,1.60000000,3.50560000,1650532600274,True,True
12184249,2.19100000,11.60000000,25.41560000,1650532600274,True,True
12184250,2.19100000,11.60000000,25.41560000,1650532600274,True,True
12184251,2.19100000,11.60000000,25.41560000,1650532600274,True,True
12184252,2.19100000,11.60000000,25.41560000,1650532600274,True,True
12184253,2.19100000,11.60000000,25.41560000,1650532600274,True,True
12184254,2.19100000,11.60000000,25.41560000,1650532600274,True,True
12184255,2.19100000,11.60000000,25.41560000,1650532600274,True,True
12184256,2.19100000,11.60000000,25.41560000,1650532600274,True,True
12184257,2.19100000,11.40000000,24.97740000,1650532600274,True,True
12184258,2.19000000,28.50000000,62.41500000,1650532602639,False,True
12184259,2.19000000,28.50000000,62.41500000,1650532602655,False,True
12184260,2.19000000,53.00000000,116.07000000,1650532602684,False,True
12184261,2.19100000,28.50000000,62.44350000,1650532602900,False,True
12184262,2.19000000,110.00000000,240.90000000,1650532604240,False,True
12184263,2.19000000,25.80000000,56.50200000,1650532604298,False,True
12184264,2.19000000,84.20000000,184.39800000,1650532618027,False,True
12184265,2.19000000,10.00000000,21.90000000,1650532618115,True,True
12184266,2.18800000,110.00000000,240.68000000,1650532628325,True,True
12184267,2.18500000,34.20000000,74.72700000,1650532628325,True,True
12184268,2.18500000,11.70000000,25.56450000,1650532628325,True,True
12184269,2.18500000,32.60000000,71.23100000,1650532628325,True,True
12184270,2.18500000,11.70000000,25.56450000,1650532628325,True,True
12184271,2.18500000,11.70000000,25.56450000,1650532628325,True,True
12184272,2.18500000,11.70000000,25.56450000,1650532628325,True,True
12184273,2.18500000,11.70000000,25.56450000,1650532628325,True,True
12184274,2.18500000,11.70000000,25.56450000,1650532628325,True,True
12184275,2.18500000,11.70000000,25.56450000,1650532628325,True,True
12184276,2.18500000,11.70000000,25.56450000,1650532628325,True,True
12184277,2.18500000,11.70000000,25.56450000,1650532628325,True,True
12184278,2.18500000,10.70000000,23.37950000,1650532628325,True,True
12184279,2.18400000,65.80000000,143.70720000,1650532628325,True,True
12184280,2.18300000,16.80000000,36.67440000,1650532628325,True,True
12184281,2.18300000,454.80000000,992.82840000,1650532628325,True,True
12184282,2.18300000,16.80000000,36.67440000,1650532628325,True,True
12184283,2.18300000,16.80000000,36.67440000,1650532628325,True,True
12184284,2.18300000,16.80000000,36.67440000,1650532628325,True,True
12184285,2.18300000,16.80000000,36.67440000,1650532628325,True,True
12184286,2.18300000,16.80000000,36.67440000,1650532628325,True,True
12184287,2.18300000,16.80000000,36.67440000,1650532628325,True,True
12184288,2.18300000,16.80000000,36.67440000,1650532628325,True,True
12184289,2.18300000,16.80000000,36.67440000,1650532628325,True,True
12184290,2.18300000,8.60000000,18.77380000,1650532628325,True,True
12184291,2.18200000,176.90000000,385.99580000,1650532628325,True,True
12184292,2.18200000,130.50000000,284.75100000,1650532628325,True,True
12184293,2.18900000,110.00000000,240.79000000,1650532628393,False,True
12184294,2.18900000,69.60000000,152.35440000,1650532628393,False,True
12184295,2.18900000,39.80000000,87.12220000,1650532628393,False,True
12184296,2.19000000,37.30000000,81.68700000,1650532628393,False,True
12184297,2.19000000,20.50000000,44.89500000,1650532628393,False,True
12184298,2.18900000,110.00000000,240.79000000,1650532638345,False,True
12184299,2.19000000,55.50000000,121.54500000,1650532648580,False,True
12184300,2.19000000,38.00000000,83.22000000,1650532648580,False,True
12184301,2.19000000,450.00000000,985.50000000,1650532648580,False,True
12184302,2.19000000,10.00000000,21.90000000,1650532648590,True,True
12184303,2.19100000,110.00000000,241.01000000,1650532907981,False,True
12184304,2.19100000,32.60000000,71.42660000,1650532907981,False,True
12184305,2.19100000,38.00000000,83.25800000,1650532907981,False,True
12184306,2.19100000,450.00000000,985.95000000,1650532907981,False,True
12184307,2.19100000,79.80000000,174.84180000,1650532907981,False,True
12184308,2.19000000,10.00000000,21.90000000,1650532929095,False,True
12184309,2.19000000,10.00000000,21.90000000,1650532931029,False,True
12184310,2.19000000,90.00000000,197.10000000,1650532933779,False,True
12184311,2.19000000,15.30000000,33.50700000,1650532933779,False,True
12184312,2.19000000,14.60000000,31.97400000,1650532933779,False,True
12184313,2.19000000,144.70000000,316.89300000,1650532933779,False,True
12184314,2.19100000,406.00000000,889.54600000,1650532933779,False,True
12184315,2.19200000,110.00000000,241.12000000,1650532940929,False,True
12184316,2.19200000,450.00000000,986.40000000,1650532940929,False,True
12184317,2.19200000,78.70000000,172.51040000,1650532940929,False,True
12184318,2.19000000,54.40000000,119.13600000,1650533046774,True,True
12184319,2.19000000,55.60000000,121.76400000,1650533100681,True,True
12184320,2.18800000,41.20000000,90.14560000,1650533104117,True,True
12184321,2.19000000,104.20000000,228.19800000,1650533249978,False,True
12184322,2.19000000,110.00000000,240.90000000,1650533311080,False,True
12184323,2.19100000,113.60000000,248.89760000,1650533311187,False,True
12184324,2.19100000,7.00000000,15.33700000,1650533416810,True,True
12184325,2.19300000,13.50000000,29.60550000,1650533535634,False,True
12184326,2.19300000,140.10000000,307.23930000,1650533535634,False,True
12184327,2.19400000,176.90000000,388.11860000,1650533535642,False,True
12184328,2.19500000,173.10000000,379.95450000,1650533553614,False,True
12184329,2.19500000,79.70000000,174.94150000,1650533553614,False,True
12184330,2.19500000,176.90000000,388.29550000,1650533553614,False,True
12184331,2.19500000,8.70000000,19.09650000,1650533553614,False,True
12184332,2.19400000,68.30000000,149.85020000,1650533553671,True,True
12184333,2.19600000,110.00000000,241.56000000,1650533567979,False,True
12184334,2.19600000,11.00000000,24.15600000,1650533567979,False,True
12184335,2.19600000,32.60000000,71.58960000,1650533567979,False,True
12184336,2.19400000,41.70000000,91.48980000,1650533648079,True,True
12184337,2.19400000,14.60000000,32.03240000,1650533648079,True,True
12184338,2.19600000,5.50000000,12.07800000,1650533724518,False,True
12184339,2.19600000,40.50000000,88.93800000,1650533754315,False,True
12184340,2.19600000,22.00000000,48.31200000,1650533754315,False,True
12184341,2.19600000,28.50000000,62.58600000,1650533754415,True,True
12184342,2.19400000,110.00000000,241.34000000,1650533798843,True,True
12184343,2.19200000,23.90000000,52.38880000,1650533855352,True,True
12184344,2.19200000,23.90000000,52.38880000,1650533863608,True,True
12184345,2.19200000,62.20000000,136.34240000,1650533889292,True,True
12184346,2.19000000,110.00000000,240.90000000,1650533912084,True,True
12184347,2.18700000,11.60000000,25.36920000,1650534060435,True,True
12184348,2.18700000,50.70000000,110.88090000,1650534060435,True,True
12184349,2.18700000,11.60000000,25.36920000,1650534060435,True,True
12184350,2.18700000,11.60000000,25.36920000,1650534060435,True,True
12184351,2.18700000,11.60000000,25.36920000,1650534060435,True,True
12184352,2.18700000,11.60000000,25.36920000,1650534060435,True,True
12184353,2.18700000,11.60000000,25.36920000,1650534060435,True,True
12184354,2.18700000,11.60000000,25.36920000,1650534060435,True,True
12184355,2.18700000,11.60000000,25.36920000,1650534060435,True,True
12184356,2.18700000,11.60000000,25.36920000,1650534060435,True,True
12184357,2.18700000,11.50000000,25.15050000,1650534060435,True,True
12184358,2.18600000,5.10000000,11.14860000,1650534060705,True,True
12184359,2.18700000,110.00000000,240.57000000,1650534127007,False,True
12184360,2.18700000,45.90000000,100.38330000,1650534127007,False,True
12184361,2.18700000,203.70000000,445.49190000,1650534127007,False,True
12184362,2.18700000,102.50000000,224.16750000,1650534127007,False,True
12184363,2.18700000,25.20000000,55.11240000,1650534127007,False,True
12184364,2.18700000,22.60000000,49.42620000,1650534237647,False,True
12184365,2.18700000,110.00000000,240.57000000,1650534237647,False,True
12184366,2.18700000,72.70000000,158.99490000,1650534237647,False,True
12184367,2.18700000,22.60000000,49.42620000,1650534247802,False,True
12184368,2.18800000,9.20000000,20.12960000,1650534266266,False,True
12184369,2.18600000,110.00000000,240.46000000,1650534269545,True,True
12184370,2.18700000,10.00000000,21.87000000,1650534322127,False,True
12184371,2.18700000,6.40000000,13.99680000,1650534322159,False,True
12184372,2.18700000,20.00000000,43.74000000,1650534322249,True,True
12184373,2.18800000,110.00000000,240.68000000,1650534328165,False,True
12184374,2.18900000,22.60000000,49.47140000,1650534360848,False,True
12184375,2.19000000,235.30000000,515.30700000,1650534360848,False,True
12184376,2.19000000,143.00000000,313.17000000,1650534360848,False,True
12184377,2.19000000,110.00000000,240.90000000,1650534360848,False,True
12184378,2.19000000,96.60000000,211.55400000,1650534360848,False,True
12184379,2.19000000,10.20000000,22.33800000,1650534360932,True,True
12184380,2.19000000,17.70000000,38.76300000,1650534360940,True,True
12184381,2.19000000,82.10000000,179.79900000,1650534360951,True,True
12184382,2.19200000,176.90000000,387.76480000,1650534361009,False,True
12184383,2.19200000,110.00000000,241.12000000,1650534361017,False,True
12184384,2.19300000,36.60000000,80.26380000,1650534361027,False,True
12184385,2.19300000,50.70000000,111.18510000,1650534361027,False,True
12184386,2.19300000,64.80000000,142.10640000,1650534361027,False,True
12184387,2.19300000,22.60000000,49.56180000,1650534362445,False,True
12184388,2.19300000,8.80000000,19.29840000,1650534362445,False,True
12184389,2.19400000,7.30000000,16.01620000,1650534362445,False,True
12184390,2.19300000,22.60000000,49.56180000,1650534514690,False,True
12184391,2.19300000,29.10000000,63.81630000,1650534514690,False,True
12184392,2.19400000,9.60000000,21.06240000,1650534514690,False,True
12184393,2.19400000,16.90000000,37.07860000,1650534514690,False,True
12184394,2.19400000,16.90000000,37.07860000,1650534514690,False,True
12184395,2.19400000,16.90000000,37.07860000,1650534514690,False,True
12184396,2.19400000,16.90000000,37.07860000,1650534514690,False,True
12184397,2.19400000,16.90000000,37.07860000,1650534514690,False,True
12184398,2.19400000,16.90000000,37.07860000,1650534514690,False,True
12184399,2.19400000,16.90000000,37.07860000,1650534514690,False,True
12184400,2.19400000,16.90000000,37.07860000,1650534514690,False,True
12184401,2.19400000,7.80000000,17.11320000,1650534514690,False,True
12184402,2.19500000,246.30000000,540.62850000,1650534514690,False,True
12184403,2.19000000,50.70000000,111.03300000,1650534555200,True,True
12184404,2.19000000,110.00000000,240.90000000,1650534555200,True,True
12184405,2.19000000,500.00000000,1095.00000000,1650534555200,True,True
12184406,2.19100000,6.90000000,15.11790000,1650534556600,False,True
12184407,2.19100000,7.70000000,16.87070000,1650534557393,False,True
12184408,2.19200000,110.00000000,241.12000000,1650534557393,False,True
12184409,2.19200000,10.00000000,21.92000000,1650534557401,True,True
12184410,2.19100000,10.00000000,21.91000000,1650534557404,True,True
12184411,2.19000000,110.00000000,240.90000000,1650534557496,True,True
12184412,2.19300000,50.70000000,111.18510000,1650534570588,False,True
12184413,2.19400000,250.00000000,548.50000000,1650534570588,False,True
12184414,2.19400000,37.50000000,82.27500000,1650534570588,False,True
12184415,2.19500000,66.80000000,146.62600000,1650534570588,False,True
12184416,2.19700000,35.80000000,78.65260000,1650534570621,False,True
12184417,2.19800000,44.70000000,98.25060000,1650534570621,False,True
12184418,2.19900000,7.90000000,17.37210000,1650534570621,False,True
12184419,2.19900000,16.80000000,36.94320000,1650534570621,False,True
12184420,2.19900000,7.20000000,15.83280000,1650534570621,False,True
12184421,2.19900000,16.80000000,36.94320000,1650534570621,False,True
12184422,2.19900000,16.80000000,36.94320000,1650534570621,False,True
12184423,2.19900000,16.80000000,36.94320000,1650534570621,False,True
12184424,2.19900000,16.80000000,36.94320000,1650534570621,False,True
12184425,2.19900000,16.80000000,36.94320000,1650534570621,False,True
12184426,2.19900000,16.80000000,36.94320000,1650534570621,False,True
12184427,2.19900000,16.80000000,36.94320000,1650534570621,False,True
12184428,2.19900000,16.80000000,36.94320000,1650534570621,False,True
12184429,2.19900000,8.40000000,18.47160000,1650534570621,False,True
12184430,2.20000000,6.90000000,15.18000000,1650534570621,False,True
12184431,2.20000000,42.90000000,94.38000000,1650534570621,False,True
12184432,2.19500000,51.30000000,112.60350000,1650534570968,True,True
12184433,2.19500000,58.70000000,128.84650000,1650534572356,True,True
12184434,2.19400000,50.70000000,111.23580000,1650534572356,True,True
12184435,2.19300000,110.00000000,241.23000000,1650534572356,True,True
12184436,2.19300000,120.50000000,264.25650000,1650534572356,True,True
12184437,2.19600000,22.60000000,49.62960000,1650534599075,False,True
12184438,2.19600000,24.80000000,54.46080000,1650534599075,False,True
12184439,2.19600000,22.60000000,49.62960000,1650534621665,False,True
12184440,2.19600000,29.60000000,65.00160000,1650534621665,False,True
12184441,2.19600000,73.00000000,160.30800000,1650534621665,False,True
12184442,2.19700000,110.00000000,241.67000000,1650534622553,False,True
12184443,2.19800000,50.70000000,111.43860000,1650534622553,False,True
12184444,2.19800000,120.50000000,264.85900000,1650534622553,False,True
12184445,2.20000000,456.90000000,1005.18000000,1650534622553,False,True
12184446,2.20000000,39.60000000,87.12000000,1650534622553,False,True
12184447,2.20100000,43.60000000,95.96360000,1650534622553,False,True
12184448,2.20100000,13.70000000,30.15370000,1650534622553,False,True
12184449,2.20000000,59.50000000,130.90000000,1650534622713,True,True
12184450,2.20000000,50.50000000,111.10000000,1650534622721,True,True
12184451,2.20300000,110.00000000,242.33000000,1650534622759,False,True
12184452,2.20700000,11.20000000,24.71840000,1650534622759,False,True
12184453,2.20700000,37.00000000,81.65900000,1650534622759,False,True
12184454,2.20700000,11.20000000,24.71840000,1650534622759,False,True
12184455,2.20700000,11.20000000,24.71840000,1650534622759,False,True
12184456,2.20700000,11.20000000,24.71840000,1650534622759,False,True
12184457,2.20700000,11.20000000,24.71840000,1650534622759,False,True
12184458,2.20700000,11.20000000,24.71840000,1650534622759,False,True
12184459,2.20700000,11.20000000,24.71840000,1650534622759,False,True
12184460,2.20700000,11.20000000,24.71840000,1650534622759,False,True
12184461,2.20700000,11.20000000,24.71840000,1650534622759,False,True
12184462,2.20700000,10.80000000,23.83560000,1650534622759,False,True
12184463,2.20900000,63.20000000,139.60880000,1650534622759,False,True
12184464,2.21000000,70.00000000,154.70000000,1650534622759,False,True
12184465,2.21000000,13.80000000,30.49800000,1650534622759,False,True
12184466,2.21000000,11.20000000,24.75200000,1650534622759,False,True
12184467,2.21000000,138.20000000,305.42200000,1650534622759,False,True
12184468,2.20800000,14.60000000,32.23680000,1650534622976,False,True
12184469,2.20900000,110.00000000,242.99000000,1650534622976,False,True
12184470,2.20900000,31.60000000,69.80440000,1650534622976,False,True
12184471,2.20900000,59.00000000,130.33100000,1650534622976,False,True
12184472,2.21000000,317.80000000,702.33800000,1650534622976,False,True
12184473,2.21000000,11.20000000,24.75200000,1650534622976,False,True
12184474,2.21000000,11.20000000,24.75200000,1650534622976,False,True
12184475,2.21000000,11.20000000,24.75200000,1650534622976,False,True
12184476,2.21000000,11.20000000,24.75200000,1650534622976,False,True
12184477,2.21000000,11.20000000,24.75200000,1650534622976,False,True
12184478,2.21000000,11.20000000,24.75200000,1650534622976,False,True
12184479,2.21000000,11.20000000,24.75200000,1650534622976,False,True
12184480,2.21000000,11.20000000,24.75200000,1650534622976,False,True
12184481,2.21000000,10.90000000,24.08900000,1650534622976,False,True
12184482,2.21100000,276.50000000,611.34150000,1650534622976,False,True
12184483,2.20500000,367.30000000,809.89650000,1650534623061,True,True
12184484,2.20500000,4.40000000,9.70200000,1650534623061,True,True
12184485,2.20500000,10.10000000,22.27050000,1650534623063,True,True
12184486,2.20500000,17.60000000,38.80800000,1650534623063,True,True
12184487,2.20500000,14.50000000,31.97250000,1650534623063,True,True
12184488,2.20400000,110.00000000,242.44000000,1650534623089,True,True
12184489,2.20300000,110.00000000,242.33000000,1650534623451,True,True
12184490,2.20300000,110.00000000,242.33000000,1650534623476,True,True
12184491,2.20300000,110.00000000,242.33000000,1650534623493,True,True
12184492,2.20300000,110.00000000,242.33000000,1650534623505,True,True
12184493,2.20200000,110.00000000,242.22000000,1650534623526,True,True
12184494,2.20200000,257.80000000,567.67560000,1650534623563,True,True
12184495,2.20000000,110.00000000,242.00000000,1650534623710,True,True
12184496,2.19900000,110.00000000,241.89000000,1650534624553,False,True
12184497,2.20000000,307.20000000,675.84000000,1650534624553,False,True
12184498,2.19800000,110.00000000,241.78000000,1650534631351,True,True
12184499,2.19900000,22.60000000,49.69740000,1650534635601,False,True
12184500,2.19900000,427.90000000,940.95210000,1650534635601,False,True
12184501,2.19900000,110.00000000,241.89000000,1650534635601,False,True
12184502,2.20300000,6.80000000,14.98040000,1650534635812,True,True
12184503,2.20300000,103.20000000,227.34960000,1650534635925,True,True
12184504,2.20300000,110.00000000,242.33000000,1650534636236,True,True
12184505,2.20400000,110.00000000,242.44000000,1650534638533,True,True
12184506,2.20000000,70.50000000,155.10000000,1650534644106,True,True
12184507,2.20000000,37.10000000,81.62000000,1650534644113,True,True
12184508,2.20300000,110.00000000,242.33000000,1650534645268,False,True
12184509,2.20300000,240.10000000,528.94030000,1650534645268,False,True
12184510,2.20500000,74.40000000,164.05200000,1650534660033,False,True
12184511,2.20600000,22.60000000,49.85560000,1650534683396,False,True
12184512,2.20600000,22.60000000,49.85560000,1650534683746,True,True
12184513,2.20600000,22.60000000,49.85560000,1650534695087,False,True
12184514,2.20700000,36.40000000,80.33480000,1650534695104,False,True
12184515,2.21000000,110.00000000,243.10000000,1650534700147,False,True
12184516,2.21100000,124.20000000,274.60620000,1650534700214,False,True
12184517,2.21000000,10.00000000,22.10000000,1650534700227,True,True
12184518,2.21100000,9.00000000,19.89900000,1650534700797,False,True
12184519,2.21000000,22.60000000,49.94600000,1650534701323,False,True
12184520,2.21100000,156.70000000,346.46370000,1650534702443,False,True
12184521,2.21100000,43.00000000,95.07300000,1650534702454,False,True
12184522,2.21100000,6.90000000,15.25590000,1650534702454,False,True
12184523,2.21400000,5.80000000,12.84120000,1650534702856,False,True
12184524,2.21500000,43.60000000,96.57400000,1650534702856,False,True
12184525,2.21500000,32.00000000,70.88000000,1650534702856,False,True
12184526,2.21600000,8.00000000,17.72800000,1650534702856,False,True
12184527,2.21600000,156.70000000,347.24720000,1650534702856,False,True
12184528,2.21700000,10.60000000,23.50020000,1650534702856,False,True
12184529,2.21700000,6.90000000,15.29730000,1650534702856,False,True
12184530,2.21800000,5.00000000,11.09000000,1650534702856,False,True
12184531,2.21800000,46.40000000,102.91520000,1650534702856,False,True
12184532,2.21700000,110.00000000,243.87000000,1650534703171,False,True
12184533,2.21800000,53.60000000,118.88480000,1650534703171,False,True
12184534,2.21800000,10.00000000,22.18000000,1650534703195,True,True
12184535,2.21900000,110.00000000,244.09000000,1650534703392,False,True
12184536,2.22000000,35.30000000,78.36600000,1650534703392,False,True
12184537,2.22100000,54.10000000,120.15610000,1650534703392,False,True
12184538,2.22100000,5.50000000,12.21550000,1650534703392,False,True
